%YAML 1.1
%TAG !u! tag:unity3d.com,2011:
--- !u!1 &2136517611886681063
GameObject:
  m_ObjectHideFlags: 0
  m_CorrespondingSourceObject: {fileID: 0}
  m_PrefabInstance: {fileID: 0}
  m_PrefabAsset: {fileID: 0}
  serializedVersion: 6
  m_Component:
  - component: {fileID: 2136517611886681060}
  - component: {fileID: 2136517611886681067}
  - component: {fileID: 2136517611886681066}
  - component: {fileID: 2136517611886681061}
  - component: {fileID: 2136517611886681064}
  m_Layer: 5
  m_Name: CanvasWB
  m_TagString: Untagged
  m_Icon: {fileID: 0}
  m_NavMeshLayer: 0
  m_StaticEditorFlags: 0
  m_IsActive: 1
--- !u!224 &2136517611886681060
RectTransform:
  m_ObjectHideFlags: 0
  m_CorrespondingSourceObject: {fileID: 0}
  m_PrefabInstance: {fileID: 0}
  m_PrefabAsset: {fileID: 0}
  m_GameObject: {fileID: 2136517611886681063}
  m_LocalRotation: {x: 0, y: 0, z: 0, w: 1}
  m_LocalPosition: {x: 0, y: 0, z: 0}
  m_LocalScale: {x: 0.71721905, y: 0.71721905, z: 0.71721905}
  m_ConstrainProportionsScale: 0
  m_Children:
  - {fileID: 7706366064195454481}
  m_Father: {fileID: 0}
  m_RootOrder: 0
  m_LocalEulerAnglesHint: {x: 0, y: 0, z: 0}
  m_AnchorMin: {x: 0.5, y: 0.5}
  m_AnchorMax: {x: 0.5, y: 0.5}
  m_AnchoredPosition: {x: 0, y: 0}
  m_SizeDelta: {x: 1115.4192, y: 1859.0322}
  m_Pivot: {x: 0.5, y: 0.5}
--- !u!223 &2136517611886681067
Canvas:
  m_ObjectHideFlags: 0
  m_CorrespondingSourceObject: {fileID: 0}
  m_PrefabInstance: {fileID: 0}
  m_PrefabAsset: {fileID: 0}
  m_GameObject: {fileID: 2136517611886681063}
  m_Enabled: 1
  serializedVersion: 3
  m_RenderMode: 0
  m_Camera: {fileID: 0}
  m_PlaneDistance: 100
  m_PixelPerfect: 0
  m_ReceivesEvents: 1
  m_OverrideSorting: 0
  m_OverridePixelPerfect: 0
  m_SortingBucketNormalizedSize: 0
  m_AdditionalShaderChannelsFlag: 25
  m_SortingLayerID: 0
  m_SortingOrder: 0
  m_TargetDisplay: 0
--- !u!114 &2136517611886681066
MonoBehaviour:
  m_ObjectHideFlags: 0
  m_CorrespondingSourceObject: {fileID: 0}
  m_PrefabInstance: {fileID: 0}
  m_PrefabAsset: {fileID: 0}
  m_GameObject: {fileID: 2136517611886681063}
  m_Enabled: 1
  m_EditorHideFlags: 0
  m_Script: {fileID: 11500000, guid: 0cd44c1031e13a943bb63640046fad76, type: 3}
  m_Name: 
  m_EditorClassIdentifier: 
  m_UiScaleMode: 1
  m_ReferencePixelsPerUnit: 100
  m_ScaleFactor: 1
  m_ReferenceResolution: {x: 1920, y: 1080}
  m_ScreenMatchMode: 0
  m_MatchWidthOrHeight: 0.5
  m_PhysicalUnit: 3
  m_FallbackScreenDPI: 96
  m_DefaultSpriteDPI: 96
  m_DynamicPixelsPerUnit: 1
  m_PresetInfoIsWorld: 0
--- !u!114 &2136517611886681061
MonoBehaviour:
  m_ObjectHideFlags: 0
  m_CorrespondingSourceObject: {fileID: 0}
  m_PrefabInstance: {fileID: 0}
  m_PrefabAsset: {fileID: 0}
  m_GameObject: {fileID: 2136517611886681063}
  m_Enabled: 1
  m_EditorHideFlags: 0
  m_Script: {fileID: 11500000, guid: dc42784cf147c0c48a680349fa168899, type: 3}
  m_Name: 
  m_EditorClassIdentifier: 
  m_IgnoreReversedGraphics: 1
  m_BlockingObjects: 0
  m_BlockingMask:
    serializedVersion: 2
    m_Bits: 4294967295
--- !u!114 &2136517611886681064
MonoBehaviour:
  m_ObjectHideFlags: 0
  m_CorrespondingSourceObject: {fileID: 0}
  m_PrefabInstance: {fileID: 0}
  m_PrefabAsset: {fileID: 0}
  m_GameObject: {fileID: 2136517611886681063}
  m_Enabled: 1
  m_EditorHideFlags: 0
  m_Script: {fileID: 11500000, guid: 326fba04649c44f48a94c6036f827761, type: 3}
  m_Name: 
  m_EditorClassIdentifier: 
  _panelWB: {fileID: 7706366064195454480}
  _buttonDisablingAds: {fileID: 1528062896379712873}
  _golds: {fileID: 8092741286210103133, guid: 8046f3d11c63cc54abe5440cf35c756c, type: 3}
  _panelAdsWasShowScreen: {fileID: 0}
  _imageButton: {fileID: 7706366062711832510}
  _spriteButtonDefault: {fileID: 21300000, guid: 0fd730e8cc5a8174e9679b2d48c71ead, type: 3}
  _spriteButtonADS: {fileID: 21300000, guid: 5d850ae6791e80849866e238d737a010, type: 3}
  _imagePicture: {fileID: 7706366063218004518}
  _spriteUpdate: {fileID: 21300000, guid: 7340f78b7cb54c648bea6bb7a685cd1c, type: 3}
  _spriteTV: {fileID: 21300000, guid: 8ffdd9d5e6d5efb43bd8c591b6ca64b2, type: 3}
  _delayADS: 3
  _amountGolds: 1000
--- !u!1001 &2207811994614980615
PrefabInstance:
  m_ObjectHideFlags: 0
  serializedVersion: 2
  m_Modification:
    m_TransformParent: {fileID: 2136517611886681060}
    m_Modifications:
    - target: {fileID: 835272958014764396, guid: ba60e24dfacad564a854a142bfa35eaf, type: 3}
      propertyPath: m_OnClick.m_PersistentCalls.m_Calls.Array.data[0].m_Target
      value: 
      objectReference: {fileID: 0}
    - target: {fileID: 835272958014764399, guid: ba60e24dfacad564a854a142bfa35eaf, type: 3}
      propertyPath: m_RootOrder
      value: 2
      objectReference: {fileID: 0}
    - target: {fileID: 8381544518291475569, guid: ba60e24dfacad564a854a142bfa35eaf, type: 3}
      propertyPath: m_OnClick.m_PersistentCalls.m_Calls.Array.data[0].m_Target
      value: 
      objectReference: {fileID: 2136517611886681064}
    - target: {fileID: 8381544518677372304, guid: ba60e24dfacad564a854a142bfa35eaf, type: 3}
      propertyPath: m_RootOrder
      value: 1
      objectReference: {fileID: 0}
    - target: {fileID: 8381544519075735062, guid: ba60e24dfacad564a854a142bfa35eaf, type: 3}
      propertyPath: m_Pivot.x
      value: 0.5
      objectReference: {fileID: 0}
    - target: {fileID: 8381544519075735062, guid: ba60e24dfacad564a854a142bfa35eaf, type: 3}
      propertyPath: m_Pivot.y
      value: 0.5
      objectReference: {fileID: 0}
    - target: {fileID: 8381544519075735062, guid: ba60e24dfacad564a854a142bfa35eaf, type: 3}
      propertyPath: m_RootOrder
      value: 0
      objectReference: {fileID: 0}
    - target: {fileID: 8381544519075735062, guid: ba60e24dfacad564a854a142bfa35eaf, type: 3}
      propertyPath: m_AnchorMax.x
      value: 0.5
      objectReference: {fileID: 0}
    - target: {fileID: 8381544519075735062, guid: ba60e24dfacad564a854a142bfa35eaf, type: 3}
      propertyPath: m_AnchorMax.y
      value: 0.5
      objectReference: {fileID: 0}
    - target: {fileID: 8381544519075735062, guid: ba60e24dfacad564a854a142bfa35eaf, type: 3}
      propertyPath: m_AnchorMin.x
      value: 0.5
      objectReference: {fileID: 0}
    - target: {fileID: 8381544519075735062, guid: ba60e24dfacad564a854a142bfa35eaf, type: 3}
      propertyPath: m_AnchorMin.y
      value: 0.5
      objectReference: {fileID: 0}
    - target: {fileID: 8381544519075735062, guid: ba60e24dfacad564a854a142bfa35eaf, type: 3}
      propertyPath: m_SizeDelta.x
      value: 930
      objectReference: {fileID: 0}
    - target: {fileID: 8381544519075735062, guid: ba60e24dfacad564a854a142bfa35eaf, type: 3}
      propertyPath: m_SizeDelta.y
      value: 1394.9
      objectReference: {fileID: 0}
    - target: {fileID: 8381544519075735062, guid: ba60e24dfacad564a854a142bfa35eaf, type: 3}
      propertyPath: m_LocalPosition.x
      value: 0
      objectReference: {fileID: 0}
    - target: {fileID: 8381544519075735062, guid: ba60e24dfacad564a854a142bfa35eaf, type: 3}
      propertyPath: m_LocalPosition.y
      value: 0
      objectReference: {fileID: 0}
    - target: {fileID: 8381544519075735062, guid: ba60e24dfacad564a854a142bfa35eaf, type: 3}
      propertyPath: m_LocalPosition.z
      value: 0
      objectReference: {fileID: 0}
    - target: {fileID: 8381544519075735062, guid: ba60e24dfacad564a854a142bfa35eaf, type: 3}
      propertyPath: m_LocalRotation.w
      value: 1
      objectReference: {fileID: 0}
    - target: {fileID: 8381544519075735062, guid: ba60e24dfacad564a854a142bfa35eaf, type: 3}
      propertyPath: m_LocalRotation.x
      value: 0
      objectReference: {fileID: 0}
    - target: {fileID: 8381544519075735062, guid: ba60e24dfacad564a854a142bfa35eaf, type: 3}
      propertyPath: m_LocalRotation.y
      value: 0
      objectReference: {fileID: 0}
    - target: {fileID: 8381544519075735062, guid: ba60e24dfacad564a854a142bfa35eaf, type: 3}
      propertyPath: m_LocalRotation.z
      value: 0
      objectReference: {fileID: 0}
    - target: {fileID: 8381544519075735062, guid: ba60e24dfacad564a854a142bfa35eaf, type: 3}
      propertyPath: m_AnchoredPosition.x
      value: 0
      objectReference: {fileID: 0}
    - target: {fileID: 8381544519075735062, guid: ba60e24dfacad564a854a142bfa35eaf, type: 3}
      propertyPath: m_AnchoredPosition.y
      value: 52.545
      objectReference: {fileID: 0}
    - target: {fileID: 8381544519075735062, guid: ba60e24dfacad564a854a142bfa35eaf, type: 3}
      propertyPath: m_LocalEulerAnglesHint.x
      value: 0
      objectReference: {fileID: 0}
    - target: {fileID: 8381544519075735062, guid: ba60e24dfacad564a854a142bfa35eaf, type: 3}
      propertyPath: m_LocalEulerAnglesHint.y
      value: 0
      objectReference: {fileID: 0}
    - target: {fileID: 8381544519075735062, guid: ba60e24dfacad564a854a142bfa35eaf, type: 3}
      propertyPath: m_LocalEulerAnglesHint.z
      value: 0
      objectReference: {fileID: 0}
    - target: {fileID: 8381544519075735063, guid: ba60e24dfacad564a854a142bfa35eaf, type: 3}
      propertyPath: m_Name
      value: Panel_Welcome_Back
      objectReference: {fileID: 0}
    - target: {fileID: 8381544519075735063, guid: ba60e24dfacad564a854a142bfa35eaf, type: 3}
      propertyPath: m_IsActive
      value: 1
      objectReference: {fileID: 0}
    - target: {fileID: 8381544519313833520, guid: ba60e24dfacad564a854a142bfa35eaf, type: 3}
      propertyPath: m_Sprite
      value: 
      objectReference: {fileID: 21300000, guid: 0e89d49f342ee8c47acf6a56ece6b5b5, type: 3}
    - target: {fileID: 8381544519313833521, guid: ba60e24dfacad564a854a142bfa35eaf, type: 3}
      propertyPath: m_SizeDelta.x
      value: 0.00012207
      objectReference: {fileID: 0}
    - target: {fileID: 8381544519313833521, guid: ba60e24dfacad564a854a142bfa35eaf, type: 3}
      propertyPath: m_SizeDelta.y
      value: -0.00018311
      objectReference: {fileID: 0}
    - target: {fileID: 8381544519313833521, guid: ba60e24dfacad564a854a142bfa35eaf, type: 3}
      propertyPath: m_AnchoredPosition.x
      value: -0.000030517578
      objectReference: {fileID: 0}
    - target: {fileID: 8381544519313833521, guid: ba60e24dfacad564a854a142bfa35eaf, type: 3}
      propertyPath: m_AnchoredPosition.y
      value: -0.00030517578
      objectReference: {fileID: 0}
    - target: {fileID: 8381544519749803966, guid: ba60e24dfacad564a854a142bfa35eaf, type: 3}
      propertyPath: m_OnClick.m_PersistentCalls.m_Calls.Array.data[0].m_Target
      value: 
      objectReference: {fileID: 2136517611886681064}
    - target: {fileID: 8381544520160527950, guid: ba60e24dfacad564a854a142bfa35eaf, type: 3}
      propertyPath: m_RootOrder
      value: 0
      objectReference: {fileID: 0}
    m_RemovedComponents: []
  m_SourcePrefab: {fileID: 100100000, guid: ba60e24dfacad564a854a142bfa35eaf, type: 3}
--- !u!1 &1528062896379712873 stripped
GameObject:
  m_CorrespondingSourceObject: {fileID: 835272958014764398, guid: ba60e24dfacad564a854a142bfa35eaf, type: 3}
  m_PrefabInstance: {fileID: 2207811994614980615}
  m_PrefabAsset: {fileID: 0}
--- !u!114 &7706366062711832510 stripped
MonoBehaviour:
  m_CorrespondingSourceObject: {fileID: 8381544519749803961, guid: ba60e24dfacad564a854a142bfa35eaf, type: 3}
  m_PrefabInstance: {fileID: 2207811994614980615}
  m_PrefabAsset: {fileID: 0}
  m_GameObject: {fileID: 0}
  m_Enabled: 1
  m_EditorHideFlags: 0
  m_Script: {fileID: 11500000, guid: fe87c0e1cc204ed48ad3b37840f39efc, type: 3}
  m_Name: 
  m_EditorClassIdentifier: 
--- !u!114 &7706366063218004518 stripped
MonoBehaviour:
  m_CorrespondingSourceObject: {fileID: 8381544520388669985, guid: ba60e24dfacad564a854a142bfa35eaf, type: 3}
  m_PrefabInstance: {fileID: 2207811994614980615}
  m_PrefabAsset: {fileID: 0}
  m_GameObject: {fileID: 0}
  m_Enabled: 1
  m_EditorHideFlags: 0
  m_Script: {fileID: 11500000, guid: fe87c0e1cc204ed48ad3b37840f39efc, type: 3}
  m_Name: 
  m_EditorClassIdentifier: 
--- !u!1 &7706366064195454480 stripped
GameObject:
  m_CorrespondingSourceObject: {fileID: 8381544519075735063, guid: ba60e24dfacad564a854a142bfa35eaf, type: 3}
  m_PrefabInstance: {fileID: 2207811994614980615}
  m_PrefabAsset: {fileID: 0}
--- !u!224 &7706366064195454481 stripped
RectTransform:
  m_CorrespondingSourceObject: {fileID: 8381544519075735062, guid: ba60e24dfacad564a854a142bfa35eaf, type: 3}
  m_PrefabInstance: {fileID: 2207811994614980615}
  m_PrefabAsset: {fileID: 0}
