%YAML 1.1
%TAG !u! tag:unity3d.com,2011:
--- !u!1 &5609716962406587126
GameObject:
  m_ObjectHideFlags: 0
  m_CorrespondingSourceObject: {fileID: 0}
  m_PrefabInstance: {fileID: 0}
  m_PrefabAsset: {fileID: 0}
  serializedVersion: 6
  m_Component:
  - component: {fileID: 5085240692335837260}
  - component: {fileID: 4670997673892463108}
  - component: {fileID: 5210307166924284590}
  - component: {fileID: 6146363622952157567}
  m_Layer: 0
  m_Name: Rock3x4A
  m_TagString: Untagged
  m_Icon: {fileID: 0}
  m_NavMeshLayer: 0
  m_StaticEditorFlags: 0
  m_IsActive: 1
--- !u!4 &5085240692335837260
Transform:
  m_ObjectHideFlags: 0
  m_CorrespondingSourceObject: {fileID: 0}
  m_PrefabInstance: {fileID: 0}
  m_PrefabAsset: {fileID: 0}
  m_GameObject: {fileID: 5609716962406587126}
  m_LocalRotation: {x: 0, y: -0, z: -0, w: 1}
  m_LocalPosition: {x: 0, y: 0, z: 0}
  m_LocalScale: {x: 1, y: 1, z: 1}
  m_ConstrainProportionsScale: 0
  m_Children:
  - {fileID: 2736316939570161348}
  m_Father: {fileID: 0}
  m_RootOrder: 0
  m_LocalEulerAnglesHint: {x: 0, y: 0, z: 0}
--- !u!114 &4670997673892463108
MonoBehaviour:
  m_ObjectHideFlags: 0
  m_CorrespondingSourceObject: {fileID: 0}
  m_PrefabInstance: {fileID: 0}
  m_PrefabAsset: {fileID: 0}
  m_GameObject: {fileID: 5609716962406587126}
  m_Enabled: 1
  m_EditorHideFlags: 0
  m_Script: {fileID: 11500000, guid: 39de4349a0f882844b1da2c118c2ed47, type: 3}
  m_Name: 
  m_EditorClassIdentifier: 
--- !u!65 &5210307166924284590
BoxCollider:
  m_ObjectHideFlags: 0
  m_CorrespondingSourceObject: {fileID: 0}
  m_PrefabInstance: {fileID: 0}
  m_PrefabAsset: {fileID: 0}
  m_GameObject: {fileID: 5609716962406587126}
  m_Material: {fileID: 0}
  m_IsTrigger: 0
  m_Enabled: 1
  serializedVersion: 2
  m_Size: {x: 3, y: 0, z: 4}
  m_Center: {x: 1, y: 0, z: 0.5}
--- !u!114 &6146363622952157567
MonoBehaviour:
  m_ObjectHideFlags: 0
  m_CorrespondingSourceObject: {fileID: 0}
  m_PrefabInstance: {fileID: 0}
  m_PrefabAsset: {fileID: 0}
  m_GameObject: {fileID: 5609716962406587126}
  m_Enabled: 1
  m_EditorHideFlags: 0
  m_Script: {fileID: 11500000, guid: fce378b1d84544748b9ed24280cdc86b, type: 3}
  m_Name: 
  m_EditorClassIdentifier: 
  _size: {x: 3, y: 4}
  _allowablePosition: []
--- !u!1001 &4885053457366278070
PrefabInstance:
  m_ObjectHideFlags: 0
  serializedVersion: 2
  m_Modification:
    m_TransformParent: {fileID: 5085240692335837260}
    m_Modifications:
    - target: {fileID: 7364067081600039282, guid: d41db1d7436c1c24eb95a5e5c9bc7fe2, type: 3}
      propertyPath: m_RootOrder
      value: 0
      objectReference: {fileID: 0}
    - target: {fileID: 7364067081600039282, guid: d41db1d7436c1c24eb95a5e5c9bc7fe2, type: 3}
      propertyPath: m_LocalScale.x
      value: 1.59
      objectReference: {fileID: 0}
    - target: {fileID: 7364067081600039282, guid: d41db1d7436c1c24eb95a5e5c9bc7fe2, type: 3}
      propertyPath: m_LocalScale.y
      value: 3.71
      objectReference: {fileID: 0}
    - target: {fileID: 7364067081600039282, guid: d41db1d7436c1c24eb95a5e5c9bc7fe2, type: 3}
      propertyPath: m_LocalScale.z
      value: 1.6
      objectReference: {fileID: 0}
    - target: {fileID: 7364067081600039282, guid: d41db1d7436c1c24eb95a5e5c9bc7fe2, type: 3}
      propertyPath: m_LocalPosition.x
      value: 0.5
      objectReference: {fileID: 0}
    - target: {fileID: 7364067081600039282, guid: d41db1d7436c1c24eb95a5e5c9bc7fe2, type: 3}
      propertyPath: m_LocalPosition.y
      value: 0
      objectReference: {fileID: 0}
    - target: {fileID: 7364067081600039282, guid: d41db1d7436c1c24eb95a5e5c9bc7fe2, type: 3}
      propertyPath: m_LocalPosition.z
      value: 0
      objectReference: {fileID: 0}
    - target: {fileID: 7364067081600039282, guid: d41db1d7436c1c24eb95a5e5c9bc7fe2, type: 3}
      propertyPath: m_LocalRotation.w
      value: 1
      objectReference: {fileID: 0}
    - target: {fileID: 7364067081600039282, guid: d41db1d7436c1c24eb95a5e5c9bc7fe2, type: 3}
      propertyPath: m_LocalRotation.x
      value: -0
      objectReference: {fileID: 0}
    - target: {fileID: 7364067081600039282, guid: d41db1d7436c1c24eb95a5e5c9bc7fe2, type: 3}
      propertyPath: m_LocalRotation.y
      value: -0.0000000745058
      objectReference: {fileID: 0}
    - target: {fileID: 7364067081600039282, guid: d41db1d7436c1c24eb95a5e5c9bc7fe2, type: 3}
      propertyPath: m_LocalRotation.z
      value: -0
      objectReference: {fileID: 0}
    - target: {fileID: 7364067081600039282, guid: d41db1d7436c1c24eb95a5e5c9bc7fe2, type: 3}
      propertyPath: m_LocalEulerAnglesHint.x
      value: 0
      objectReference: {fileID: 0}
    - target: {fileID: 7364067081600039282, guid: d41db1d7436c1c24eb95a5e5c9bc7fe2, type: 3}
      propertyPath: m_LocalEulerAnglesHint.y
      value: 0
      objectReference: {fileID: 0}
    - target: {fileID: 7364067081600039282, guid: d41db1d7436c1c24eb95a5e5c9bc7fe2, type: 3}
      propertyPath: m_LocalEulerAnglesHint.z
      value: 0
      objectReference: {fileID: 0}
    - target: {fileID: 7364067081600039285, guid: d41db1d7436c1c24eb95a5e5c9bc7fe2, type: 3}
      propertyPath: m_Name
      value: Roadblock 3x4 2
      objectReference: {fileID: 0}
    m_RemovedComponents: []
  m_SourcePrefab: {fileID: 100100000, guid: d41db1d7436c1c24eb95a5e5c9bc7fe2, type: 3}
--- !u!4 &2736316939570161348 stripped
Transform:
  m_CorrespondingSourceObject: {fileID: 7364067081600039282, guid: d41db1d7436c1c24eb95a5e5c9bc7fe2, type: 3}
  m_PrefabInstance: {fileID: 4885053457366278070}
  m_PrefabAsset: {fileID: 0}
