%YAML 1.1
%TAG !u! tag:unity3d.com,2011:
--- !u!1 &257958078916993074
GameObject:
  m_ObjectHideFlags: 0
  m_CorrespondingSourceObject: {fileID: 0}
  m_PrefabInstance: {fileID: 0}
  m_PrefabAsset: {fileID: 0}
  serializedVersion: 6
  m_Component:
  - component: {fileID: 257958078916993085}
  m_Layer: 0
  m_Name: TargetForGoblins
  m_TagString: Untagged
  m_Icon: {fileID: 0}
  m_NavMeshLayer: 0
  m_StaticEditorFlags: 0
  m_IsActive: 1
--- !u!4 &257958078916993085
Transform:
  m_ObjectHideFlags: 0
  m_CorrespondingSourceObject: {fileID: 0}
  m_PrefabInstance: {fileID: 0}
  m_PrefabAsset: {fileID: 0}
  m_GameObject: {fileID: 257958078916993074}
  m_LocalRotation: {x: -0, y: -0, z: -0, w: 1}
  m_LocalPosition: {x: 0, y: 0, z: -0.5}
  m_LocalScale: {x: 1, y: 1, z: 1}
  m_ConstrainProportionsScale: 0
  m_Children: []
  m_Father: {fileID: 257958079441158074}
  m_RootOrder: 2
  m_LocalEulerAnglesHint: {x: 0, y: 0, z: 0}
--- !u!1 &257958079441158075
GameObject:
  m_ObjectHideFlags: 0
  m_CorrespondingSourceObject: {fileID: 0}
  m_PrefabInstance: {fileID: 0}
  m_PrefabAsset: {fileID: 0}
  serializedVersion: 6
  m_Component:
  - component: {fileID: 257958079441158074}
  - component: {fileID: 8404085943237275743}
  - component: {fileID: -7698738810771751392}
  - component: {fileID: -6170024543862340799}
  - component: {fileID: -6667408453528673818}
  - component: {fileID: 3578745935563763086}
  m_Layer: 0
  m_Name: BlueSmallStone
  m_TagString: Untagged
  m_Icon: {fileID: 0}
  m_NavMeshLayer: 0
  m_StaticEditorFlags: 0
  m_IsActive: 1
--- !u!4 &257958079441158074
Transform:
  m_ObjectHideFlags: 0
  m_CorrespondingSourceObject: {fileID: 0}
  m_PrefabInstance: {fileID: 0}
  m_PrefabAsset: {fileID: 0}
  m_GameObject: {fileID: 257958079441158075}
  m_LocalRotation: {x: 0, y: 0, z: 0, w: 1}
  m_LocalPosition: {x: 1, y: 0, z: 1}
  m_LocalScale: {x: 1, y: 1, z: 1}
  m_ConstrainProportionsScale: 0
  m_Children:
  - {fileID: 1388868308737020581}
  - {fileID: 3086401085897411298}
  - {fileID: 257958078916993085}
  - {fileID: 1687395498765963886}
  m_Father: {fileID: 0}
  m_RootOrder: 0
  m_LocalEulerAnglesHint: {x: 0, y: 0, z: 0}
--- !u!114 &8404085943237275743
MonoBehaviour:
  m_ObjectHideFlags: 0
  m_CorrespondingSourceObject: {fileID: 0}
  m_PrefabInstance: {fileID: 0}
  m_PrefabAsset: {fileID: 0}
  m_GameObject: {fileID: 257958079441158075}
  m_Enabled: 1
  m_EditorHideFlags: 0
  m_Script: {fileID: 11500000, guid: c5d4d4b5a0019554dac114a1977b58ca, type: 3}
  m_Name: 
  m_EditorClassIdentifier: 
  _destroyableObject: {fileID: 3366437916337540250}
--- !u!114 &-7698738810771751392
MonoBehaviour:
  m_ObjectHideFlags: 0
  m_CorrespondingSourceObject: {fileID: 0}
  m_PrefabInstance: {fileID: 0}
  m_PrefabAsset: {fileID: 0}
  m_GameObject: {fileID: 257958079441158075}
  m_Enabled: 1
  m_EditorHideFlags: 0
  m_Script: {fileID: 11500000, guid: 39de4349a0f882844b1da2c118c2ed47, type: 3}
  m_Name: 
  m_EditorClassIdentifier: 
--- !u!65 &-6170024543862340799
BoxCollider:
  m_ObjectHideFlags: 0
  m_CorrespondingSourceObject: {fileID: 0}
  m_PrefabInstance: {fileID: 0}
  m_PrefabAsset: {fileID: 0}
  m_GameObject: {fileID: 257958079441158075}
  m_Material: {fileID: 0}
  m_IsTrigger: 0
  m_Enabled: 1
  serializedVersion: 2
  m_Size: {x: 1, y: 0, z: 1}
  m_Center: {x: 0, y: 0, z: 0}
--- !u!114 &-6667408453528673818
MonoBehaviour:
  m_ObjectHideFlags: 0
  m_CorrespondingSourceObject: {fileID: 0}
  m_PrefabInstance: {fileID: 0}
  m_PrefabAsset: {fileID: 0}
  m_GameObject: {fileID: 257958079441158075}
  m_Enabled: 1
  m_EditorHideFlags: 0
  m_Script: {fileID: 11500000, guid: fce378b1d84544748b9ed24280cdc86b, type: 3}
  m_Name: 
  m_EditorClassIdentifier: 
  _size: {x: 0, y: 0}
  _allowablePosition: []
--- !u!114 &3578745935563763086
MonoBehaviour:
  m_ObjectHideFlags: 0
  m_CorrespondingSourceObject: {fileID: 0}
  m_PrefabInstance: {fileID: 0}
  m_PrefabAsset: {fileID: 0}
  m_GameObject: {fileID: 257958079441158075}
  m_Enabled: 1
  m_EditorHideFlags: 0
  m_Script: {fileID: 11500000, guid: b9ea6dcf52323b74989938303f0a3283, type: 3}
  m_Name: 
  m_EditorClassIdentifier: 
  _level: 1
  _destroyableObject: {fileID: 3366437916337540250}
--- !u!1 &1388868308737020600
GameObject:
  m_ObjectHideFlags: 0
  m_CorrespondingSourceObject: {fileID: 0}
  m_PrefabInstance: {fileID: 0}
  m_PrefabAsset: {fileID: 0}
  serializedVersion: 6
  m_Component:
  - component: {fileID: 1388868308737020581}
  m_Layer: 0
  m_Name: 3DModel
  m_TagString: Untagged
  m_Icon: {fileID: 0}
  m_NavMeshLayer: 0
  m_StaticEditorFlags: 0
  m_IsActive: 1
--- !u!4 &1388868308737020581
Transform:
  m_ObjectHideFlags: 0
  m_CorrespondingSourceObject: {fileID: 0}
  m_PrefabInstance: {fileID: 0}
  m_PrefabAsset: {fileID: 0}
  m_GameObject: {fileID: 1388868308737020600}
  m_LocalRotation: {x: -0, y: -0, z: -0, w: 1}
  m_LocalPosition: {x: 0, y: 0, z: -0.5}
  m_LocalScale: {x: 1, y: 1, z: 1}
  m_ConstrainProportionsScale: 0
  m_Children:
  - {fileID: 1595913852949767785}
  m_Father: {fileID: 257958079441158074}
  m_RootOrder: 0
  m_LocalEulerAnglesHint: {x: 0, y: 0, z: 0}
--- !u!1001 &669585796289809427
PrefabInstance:
  m_ObjectHideFlags: 0
  serializedVersion: 2
  m_Modification:
    m_TransformParent: {fileID: 257958079441158074}
    m_Modifications:
    - target: {fileID: 2170750413505666685, guid: ee7c2e9040cfdbc4ab2c06fd4fee3274, type: 3}
      propertyPath: m_RootOrder
      value: 3
      objectReference: {fileID: 0}
    - target: {fileID: 2170750413505666685, guid: ee7c2e9040cfdbc4ab2c06fd4fee3274, type: 3}
      propertyPath: m_LocalPosition.x
      value: 0.155
      objectReference: {fileID: 0}
    - target: {fileID: 2170750413505666685, guid: ee7c2e9040cfdbc4ab2c06fd4fee3274, type: 3}
      propertyPath: m_LocalPosition.y
      value: 0.33
      objectReference: {fileID: 0}
    - target: {fileID: 2170750413505666685, guid: ee7c2e9040cfdbc4ab2c06fd4fee3274, type: 3}
      propertyPath: m_LocalPosition.z
      value: -0.473
      objectReference: {fileID: 0}
    - target: {fileID: 2170750413505666685, guid: ee7c2e9040cfdbc4ab2c06fd4fee3274, type: 3}
      propertyPath: m_LocalRotation.w
      value: 1
      objectReference: {fileID: 0}
    - target: {fileID: 2170750413505666685, guid: ee7c2e9040cfdbc4ab2c06fd4fee3274, type: 3}
      propertyPath: m_LocalRotation.x
      value: 0
      objectReference: {fileID: 0}
    - target: {fileID: 2170750413505666685, guid: ee7c2e9040cfdbc4ab2c06fd4fee3274, type: 3}
      propertyPath: m_LocalRotation.y
      value: 0
      objectReference: {fileID: 0}
    - target: {fileID: 2170750413505666685, guid: ee7c2e9040cfdbc4ab2c06fd4fee3274, type: 3}
      propertyPath: m_LocalRotation.z
      value: 0
      objectReference: {fileID: 0}
    - target: {fileID: 2170750413505666685, guid: ee7c2e9040cfdbc4ab2c06fd4fee3274, type: 3}
      propertyPath: m_LocalEulerAnglesHint.x
      value: 0
      objectReference: {fileID: 0}
    - target: {fileID: 2170750413505666685, guid: ee7c2e9040cfdbc4ab2c06fd4fee3274, type: 3}
      propertyPath: m_LocalEulerAnglesHint.y
      value: 0
      objectReference: {fileID: 0}
    - target: {fileID: 2170750413505666685, guid: ee7c2e9040cfdbc4ab2c06fd4fee3274, type: 3}
      propertyPath: m_LocalEulerAnglesHint.z
      value: 0
      objectReference: {fileID: 0}
    - target: {fileID: 3531159715886477927, guid: ee7c2e9040cfdbc4ab2c06fd4fee3274, type: 3}
      propertyPath: m_Name
      value: Star
      objectReference: {fileID: 0}
    m_RemovedComponents: []
  m_SourcePrefab: {fileID: 100100000, guid: ee7c2e9040cfdbc4ab2c06fd4fee3274, type: 3}
--- !u!4 &1687395498765963886 stripped
Transform:
  m_CorrespondingSourceObject: {fileID: 2170750413505666685, guid: ee7c2e9040cfdbc4ab2c06fd4fee3274, type: 3}
  m_PrefabInstance: {fileID: 669585796289809427}
  m_PrefabAsset: {fileID: 0}
--- !u!1001 &1274354098104123778
PrefabInstance:
  m_ObjectHideFlags: 0
  serializedVersion: 2
  m_Modification:
    m_TransformParent: {fileID: 1388868308737020581}
    m_Modifications:
    - target: {fileID: -8679921383154817045, guid: fde7f48d7f21e2c4888b1040eb1bea33, type: 3}
      propertyPath: m_RootOrder
      value: 0
      objectReference: {fileID: 0}
    - target: {fileID: -8679921383154817045, guid: fde7f48d7f21e2c4888b1040eb1bea33, type: 3}
      propertyPath: m_LocalScale.x
      value: 0.6
      objectReference: {fileID: 0}
    - target: {fileID: -8679921383154817045, guid: fde7f48d7f21e2c4888b1040eb1bea33, type: 3}
      propertyPath: m_LocalScale.y
      value: 0.6
      objectReference: {fileID: 0}
    - target: {fileID: -8679921383154817045, guid: fde7f48d7f21e2c4888b1040eb1bea33, type: 3}
      propertyPath: m_LocalScale.z
      value: 0.6
      objectReference: {fileID: 0}
    - target: {fileID: -8679921383154817045, guid: fde7f48d7f21e2c4888b1040eb1bea33, type: 3}
      propertyPath: m_LocalPosition.x
      value: -0
      objectReference: {fileID: 0}
    - target: {fileID: -8679921383154817045, guid: fde7f48d7f21e2c4888b1040eb1bea33, type: 3}
      propertyPath: m_LocalPosition.y
      value: 0
      objectReference: {fileID: 0}
    - target: {fileID: -8679921383154817045, guid: fde7f48d7f21e2c4888b1040eb1bea33, type: 3}
      propertyPath: m_LocalPosition.z
      value: 0
      objectReference: {fileID: 0}
    - target: {fileID: -8679921383154817045, guid: fde7f48d7f21e2c4888b1040eb1bea33, type: 3}
      propertyPath: m_LocalRotation.w
      value: 0.7071068
      objectReference: {fileID: 0}
    - target: {fileID: -8679921383154817045, guid: fde7f48d7f21e2c4888b1040eb1bea33, type: 3}
      propertyPath: m_LocalRotation.x
      value: -0.7071068
      objectReference: {fileID: 0}
    - target: {fileID: -8679921383154817045, guid: fde7f48d7f21e2c4888b1040eb1bea33, type: 3}
      propertyPath: m_LocalRotation.y
      value: 0
      objectReference: {fileID: 0}
    - target: {fileID: -8679921383154817045, guid: fde7f48d7f21e2c4888b1040eb1bea33, type: 3}
      propertyPath: m_LocalRotation.z
      value: -0
      objectReference: {fileID: 0}
    - target: {fileID: -8679921383154817045, guid: fde7f48d7f21e2c4888b1040eb1bea33, type: 3}
      propertyPath: m_LocalEulerAnglesHint.x
      value: 0
      objectReference: {fileID: 0}
    - target: {fileID: -8679921383154817045, guid: fde7f48d7f21e2c4888b1040eb1bea33, type: 3}
      propertyPath: m_LocalEulerAnglesHint.y
      value: 0
      objectReference: {fileID: 0}
    - target: {fileID: -8679921383154817045, guid: fde7f48d7f21e2c4888b1040eb1bea33, type: 3}
      propertyPath: m_LocalEulerAnglesHint.z
      value: 0
      objectReference: {fileID: 0}
    - target: {fileID: -7511558181221131132, guid: fde7f48d7f21e2c4888b1040eb1bea33, type: 3}
      propertyPath: m_Materials.Array.data[0]
      value: 
      objectReference: {fileID: 2100000, guid: 2620d283ef1a2634f95f5c59aeacede1, type: 2}
    - target: {fileID: 919132149155446097, guid: fde7f48d7f21e2c4888b1040eb1bea33, type: 3}
      propertyPath: m_Name
      value: Ore Small
      objectReference: {fileID: 0}
    - target: {fileID: 919132149155446097, guid: fde7f48d7f21e2c4888b1040eb1bea33, type: 3}
      propertyPath: m_IsActive
      value: 1
      objectReference: {fileID: 0}
    m_RemovedComponents: []
  m_SourcePrefab: {fileID: 100100000, guid: fde7f48d7f21e2c4888b1040eb1bea33, type: 3}
--- !u!4 &1595913852949767785 stripped
Transform:
  m_CorrespondingSourceObject: {fileID: -8679921383154817045, guid: fde7f48d7f21e2c4888b1040eb1bea33, type: 3}
  m_PrefabInstance: {fileID: 1274354098104123778}
  m_PrefabAsset: {fileID: 0}
--- !u!1001 &2300928128747135692
PrefabInstance:
  m_ObjectHideFlags: 0
  serializedVersion: 2
  m_Modification:
    m_TransformParent: {fileID: 257958079441158074}
    m_Modifications:
    - target: {fileID: 3556001490367278678, guid: 47d9e99a1389a584e8516706727da39d, type: 3}
      propertyPath: Type
      value: 7
      objectReference: {fileID: 0}
    - target: {fileID: 3556001490367278678, guid: 47d9e99a1389a584e8516706727da39d, type: 3}
      propertyPath: _targetForGoblins
      value: 
      objectReference: {fileID: 257958078916993074}
    - target: {fileID: 3556001490367278678, guid: 47d9e99a1389a584e8516706727da39d, type: 3}
      propertyPath: _listGOForDestroy.Array.data[0]
      value: 
      objectReference: {fileID: 257958079441158075}
    - target: {fileID: 3835818517272651822, guid: 47d9e99a1389a584e8516706727da39d, type: 3}
      propertyPath: m_RootOrder
      value: 1
      objectReference: {fileID: 0}
    - target: {fileID: 3835818517272651822, guid: 47d9e99a1389a584e8516706727da39d, type: 3}
      propertyPath: m_LocalPosition.x
      value: 0
      objectReference: {fileID: 0}
    - target: {fileID: 3835818517272651822, guid: 47d9e99a1389a584e8516706727da39d, type: 3}
      propertyPath: m_LocalPosition.y
      value: -0.68
      objectReference: {fileID: 0}
    - target: {fileID: 3835818517272651822, guid: 47d9e99a1389a584e8516706727da39d, type: 3}
      propertyPath: m_LocalPosition.z
      value: 0
      objectReference: {fileID: 0}
    - target: {fileID: 3835818517272651822, guid: 47d9e99a1389a584e8516706727da39d, type: 3}
      propertyPath: m_LocalRotation.w
      value: 1
      objectReference: {fileID: 0}
    - target: {fileID: 3835818517272651822, guid: 47d9e99a1389a584e8516706727da39d, type: 3}
      propertyPath: m_LocalRotation.x
      value: 0
      objectReference: {fileID: 0}
    - target: {fileID: 3835818517272651822, guid: 47d9e99a1389a584e8516706727da39d, type: 3}
      propertyPath: m_LocalRotation.y
      value: 0
      objectReference: {fileID: 0}
    - target: {fileID: 3835818517272651822, guid: 47d9e99a1389a584e8516706727da39d, type: 3}
      propertyPath: m_LocalRotation.z
      value: 0
      objectReference: {fileID: 0}
    - target: {fileID: 3835818517272651822, guid: 47d9e99a1389a584e8516706727da39d, type: 3}
      propertyPath: m_LocalEulerAnglesHint.x
      value: 0
      objectReference: {fileID: 0}
    - target: {fileID: 3835818517272651822, guid: 47d9e99a1389a584e8516706727da39d, type: 3}
      propertyPath: m_LocalEulerAnglesHint.y
      value: 0
      objectReference: {fileID: 0}
    - target: {fileID: 3835818517272651822, guid: 47d9e99a1389a584e8516706727da39d, type: 3}
      propertyPath: m_LocalEulerAnglesHint.z
      value: 0
      objectReference: {fileID: 0}
    - target: {fileID: 4484009411072237764, guid: 47d9e99a1389a584e8516706727da39d, type: 3}
      propertyPath: m_Name
      value: DestroyableObject
      objectReference: {fileID: 0}
    m_RemovedComponents:
    - {fileID: 422961955802328984, guid: 47d9e99a1389a584e8516706727da39d, type: 3}
  m_SourcePrefab: {fileID: 100100000, guid: 47d9e99a1389a584e8516706727da39d, type: 3}
--- !u!4 &3086401085897411298 stripped
Transform:
  m_CorrespondingSourceObject: {fileID: 3835818517272651822, guid: 47d9e99a1389a584e8516706727da39d, type: 3}
  m_PrefabInstance: {fileID: 2300928128747135692}
  m_PrefabAsset: {fileID: 0}
--- !u!114 &3366437916337540250 stripped
MonoBehaviour:
  m_CorrespondingSourceObject: {fileID: 3556001490367278678, guid: 47d9e99a1389a584e8516706727da39d, type: 3}
  m_PrefabInstance: {fileID: 2300928128747135692}
  m_PrefabAsset: {fileID: 0}
  m_GameObject: {fileID: 0}
  m_Enabled: 1
  m_EditorHideFlags: 0
  m_Script: {fileID: 11500000, guid: 84ef0fb988ae1ef469d53037e1534098, type: 3}
  m_Name: 
  m_EditorClassIdentifier: 
