%YAML 1.1
%TAG !u! tag:unity3d.com,2011:
--- !u!1 &35884550690538820
GameObject:
  m_ObjectHideFlags: 0
  m_CorrespondingSourceObject: {fileID: 0}
  m_PrefabInstance: {fileID: 0}
  m_PrefabAsset: {fileID: 0}
  serializedVersion: 6
  m_Component:
  - component: {fileID: 2366517074343702898}
  - component: {fileID: 6396722107167734052}
  - component: {fileID: 6962620465409303467}
  - component: {fileID: 1108025644605562981}
  m_Layer: 5
  m_Name: ButtonAutomatization
  m_TagString: Untagged
  m_Icon: {fileID: 0}
  m_NavMeshLayer: 0
  m_StaticEditorFlags: 0
  m_IsActive: 1
--- !u!224 &2366517074343702898
RectTransform:
  m_ObjectHideFlags: 0
  m_CorrespondingSourceObject: {fileID: 0}
  m_PrefabInstance: {fileID: 0}
  m_PrefabAsset: {fileID: 0}
  m_GameObject: {fileID: 35884550690538820}
  m_LocalRotation: {x: 0, y: 0, z: 0, w: 1}
  m_LocalPosition: {x: 0, y: 0, z: -173.65}
  m_LocalScale: {x: 0.5, y: 0.5, z: 0.5}
  m_ConstrainProportionsScale: 0
  m_Children:
  - {fileID: 4737049623354319486}
  - {fileID: 5598278340191564306}
  m_Father: {fileID: 103663359840218596}
  m_RootOrder: 0
  m_LocalEulerAnglesHint: {x: 0, y: 0, z: 0}
  m_AnchorMin: {x: 0.5, y: 0.5}
  m_AnchorMax: {x: 0.5, y: 0.5}
  m_AnchoredPosition: {x: -88.1, y: 22.2}
  m_SizeDelta: {x: 200, y: 200}
  m_Pivot: {x: 0.5, y: 0.5}
--- !u!222 &6396722107167734052
CanvasRenderer:
  m_ObjectHideFlags: 0
  m_CorrespondingSourceObject: {fileID: 0}
  m_PrefabInstance: {fileID: 0}
  m_PrefabAsset: {fileID: 0}
  m_GameObject: {fileID: 35884550690538820}
  m_CullTransparentMesh: 1
--- !u!114 &6962620465409303467
MonoBehaviour:
  m_ObjectHideFlags: 0
  m_CorrespondingSourceObject: {fileID: 0}
  m_PrefabInstance: {fileID: 0}
  m_PrefabAsset: {fileID: 0}
  m_GameObject: {fileID: 35884550690538820}
  m_Enabled: 1
  m_EditorHideFlags: 0
  m_Script: {fileID: 11500000, guid: fe87c0e1cc204ed48ad3b37840f39efc, type: 3}
  m_Name: 
  m_EditorClassIdentifier: 
  m_Material: {fileID: 0}
  m_Color: {r: 1, g: 1, b: 1, a: 1}
  m_RaycastTarget: 1
  m_RaycastPadding: {x: 0, y: 0, z: 0, w: 0}
  m_Maskable: 1
  m_OnCullStateChanged:
    m_PersistentCalls:
      m_Calls: []
  m_Sprite: {fileID: 21300000, guid: 963a8f29c07cbff4fbec3ed4de324059, type: 3}
  m_Type: 0
  m_PreserveAspect: 0
  m_FillCenter: 1
  m_FillMethod: 4
  m_FillAmount: 1
  m_FillClockwise: 1
  m_FillOrigin: 0
  m_UseSpriteMesh: 0
  m_PixelsPerUnitMultiplier: 1
--- !u!114 &1108025644605562981
MonoBehaviour:
  m_ObjectHideFlags: 0
  m_CorrespondingSourceObject: {fileID: 0}
  m_PrefabInstance: {fileID: 0}
  m_PrefabAsset: {fileID: 0}
  m_GameObject: {fileID: 35884550690538820}
  m_Enabled: 1
  m_EditorHideFlags: 0
  m_Script: {fileID: 11500000, guid: 4e29b1a8efbd4b44bb3f3716e73f07ff, type: 3}
  m_Name: 
  m_EditorClassIdentifier: 
  m_Navigation:
    m_Mode: 3
    m_WrapAround: 0
    m_SelectOnUp: {fileID: 0}
    m_SelectOnDown: {fileID: 0}
    m_SelectOnLeft: {fileID: 0}
    m_SelectOnRight: {fileID: 0}
  m_Transition: 1
  m_Colors:
    m_NormalColor: {r: 1, g: 1, b: 1, a: 1}
    m_HighlightedColor: {r: 0.9607843, g: 0.9607843, b: 0.9607843, a: 1}
    m_PressedColor: {r: 0.78431374, g: 0.78431374, b: 0.78431374, a: 1}
    m_SelectedColor: {r: 0.9607843, g: 0.9607843, b: 0.9607843, a: 1}
    m_DisabledColor: {r: 0.78431374, g: 0.78431374, b: 0.78431374, a: 0.5019608}
    m_ColorMultiplier: 1
    m_FadeDuration: 0.1
  m_SpriteState:
    m_HighlightedSprite: {fileID: 0}
    m_PressedSprite: {fileID: 0}
    m_SelectedSprite: {fileID: 0}
    m_DisabledSprite: {fileID: 0}
  m_AnimationTriggers:
    m_NormalTrigger: Normal
    m_HighlightedTrigger: Highlighted
    m_PressedTrigger: Pressed
    m_SelectedTrigger: Selected
    m_DisabledTrigger: Disabled
  m_Interactable: 1
  m_TargetGraphic: {fileID: 6962620465409303467}
  m_OnClick:
    m_PersistentCalls:
      m_Calls: []
--- !u!1 &96473559348849679
GameObject:
  m_ObjectHideFlags: 0
  m_CorrespondingSourceObject: {fileID: 0}
  m_PrefabInstance: {fileID: 0}
  m_PrefabAsset: {fileID: 0}
  serializedVersion: 6
  m_Component:
  - component: {fileID: 7695514671303591579}
  m_Layer: 0
  m_Name: ActivationBtn
  m_TagString: Untagged
  m_Icon: {fileID: 0}
  m_NavMeshLayer: 0
  m_StaticEditorFlags: 0
  m_IsActive: 1
--- !u!4 &7695514671303591579
Transform:
  m_ObjectHideFlags: 0
  m_CorrespondingSourceObject: {fileID: 0}
  m_PrefabInstance: {fileID: 0}
  m_PrefabAsset: {fileID: 0}
  m_GameObject: {fileID: 96473559348849679}
  m_LocalRotation: {x: 0, y: 0, z: 0, w: 1}
  m_LocalPosition: {x: 68.01, y: 10.68, z: -175.98}
  m_LocalScale: {x: 1, y: 1, z: 1}
  m_ConstrainProportionsScale: 0
  m_Children:
  - {fileID: 3371096895888986497}
  - {fileID: 1443317186184726552}
  m_Father: {fileID: 1280294627566362043}
  m_RootOrder: 0
  m_LocalEulerAnglesHint: {x: 0, y: 0, z: 0}
--- !u!1 &1699747740307797178
GameObject:
  m_ObjectHideFlags: 0
  m_CorrespondingSourceObject: {fileID: 0}
  m_PrefabInstance: {fileID: 0}
  m_PrefabAsset: {fileID: 0}
  serializedVersion: 6
  m_Component:
  - component: {fileID: 8342331192837968353}
  - component: {fileID: 1282551996818757849}
  - component: {fileID: 3211296425590396671}
  m_Layer: 5
  m_Name: CheckAuto
  m_TagString: Untagged
  m_Icon: {fileID: 0}
  m_NavMeshLayer: 0
  m_StaticEditorFlags: 0
  m_IsActive: 0
--- !u!224 &8342331192837968353
RectTransform:
  m_ObjectHideFlags: 0
  m_CorrespondingSourceObject: {fileID: 0}
  m_PrefabInstance: {fileID: 0}
  m_PrefabAsset: {fileID: 0}
  m_GameObject: {fileID: 1699747740307797178}
  m_LocalRotation: {x: 0, y: 0, z: 0, w: 1}
  m_LocalPosition: {x: 0, y: 0, z: -180}
  m_LocalScale: {x: 1, y: 1, z: 1}
  m_ConstrainProportionsScale: 0
  m_Children: []
  m_Father: {fileID: 103663359840218596}
  m_RootOrder: 1
  m_LocalEulerAnglesHint: {x: 0, y: 0, z: 0}
  m_AnchorMin: {x: 0.5, y: 0.5}
  m_AnchorMax: {x: 0.5, y: 0.5}
  m_AnchoredPosition: {x: -90.67, y: 20.52}
  m_SizeDelta: {x: 80, y: 80}
  m_Pivot: {x: 0.5, y: 0.5}
--- !u!222 &1282551996818757849
CanvasRenderer:
  m_ObjectHideFlags: 0
  m_CorrespondingSourceObject: {fileID: 0}
  m_PrefabInstance: {fileID: 0}
  m_PrefabAsset: {fileID: 0}
  m_GameObject: {fileID: 1699747740307797178}
  m_CullTransparentMesh: 1
--- !u!114 &3211296425590396671
MonoBehaviour:
  m_ObjectHideFlags: 0
  m_CorrespondingSourceObject: {fileID: 0}
  m_PrefabInstance: {fileID: 0}
  m_PrefabAsset: {fileID: 0}
  m_GameObject: {fileID: 1699747740307797178}
  m_Enabled: 1
  m_EditorHideFlags: 0
  m_Script: {fileID: 11500000, guid: fe87c0e1cc204ed48ad3b37840f39efc, type: 3}
  m_Name: 
  m_EditorClassIdentifier: 
  m_Material: {fileID: 0}
  m_Color: {r: 0.61990905, g: 0.972549, b: 0.02352939, a: 1}
  m_RaycastTarget: 1
  m_RaycastPadding: {x: 0, y: 0, z: 0, w: 0}
  m_Maskable: 1
  m_OnCullStateChanged:
    m_PersistentCalls:
      m_Calls: []
  m_Sprite: {fileID: 21300000, guid: 39c46d7cd2f73be41a1c5ac45edba7c1, type: 3}
  m_Type: 0
  m_PreserveAspect: 0
  m_FillCenter: 1
  m_FillMethod: 4
  m_FillAmount: 1
  m_FillClockwise: 1
  m_FillOrigin: 0
  m_UseSpriteMesh: 0
  m_PixelsPerUnitMultiplier: 1
--- !u!1 &2433235564710984547
GameObject:
  m_ObjectHideFlags: 0
  m_CorrespondingSourceObject: {fileID: 0}
  m_PrefabInstance: {fileID: 0}
  m_PrefabAsset: {fileID: 0}
  serializedVersion: 6
  m_Component:
  - component: {fileID: 1443317186184726552}
  - component: {fileID: 8194002775447877034}
  - component: {fileID: 7351607433417833938}
  - component: {fileID: 6493515850304781135}
  m_Layer: 5
  m_Name: Btn
  m_TagString: Untagged
  m_Icon: {fileID: 0}
  m_NavMeshLayer: 0
  m_StaticEditorFlags: 0
  m_IsActive: 1
--- !u!224 &1443317186184726552
RectTransform:
  m_ObjectHideFlags: 0
  m_CorrespondingSourceObject: {fileID: 0}
  m_PrefabInstance: {fileID: 0}
  m_PrefabAsset: {fileID: 0}
  m_GameObject: {fileID: 2433235564710984547}
  m_LocalRotation: {x: -0, y: -0, z: -0, w: 1}
  m_LocalPosition: {x: 0, y: 0, z: -7.9998436}
  m_LocalScale: {x: 1, y: 1, z: 1}
  m_ConstrainProportionsScale: 0
  m_Children:
  - {fileID: 1171772074580470714}
  m_Father: {fileID: 7695514671303591579}
  m_RootOrder: 1
  m_LocalEulerAnglesHint: {x: 0, y: 0, z: 0}
  m_AnchorMin: {x: 0.5, y: 0.5}
  m_AnchorMax: {x: 0.5, y: 0.5}
  m_AnchoredPosition: {x: 0, y: 0}
  m_SizeDelta: {x: 180, y: 70}
  m_Pivot: {x: 0.5, y: 0.5}
--- !u!222 &8194002775447877034
CanvasRenderer:
  m_ObjectHideFlags: 0
  m_CorrespondingSourceObject: {fileID: 0}
  m_PrefabInstance: {fileID: 0}
  m_PrefabAsset: {fileID: 0}
  m_GameObject: {fileID: 2433235564710984547}
  m_CullTransparentMesh: 1
--- !u!114 &7351607433417833938
MonoBehaviour:
  m_ObjectHideFlags: 0
  m_CorrespondingSourceObject: {fileID: 0}
  m_PrefabInstance: {fileID: 0}
  m_PrefabAsset: {fileID: 0}
  m_GameObject: {fileID: 2433235564710984547}
  m_Enabled: 1
  m_EditorHideFlags: 0
  m_Script: {fileID: 11500000, guid: fe87c0e1cc204ed48ad3b37840f39efc, type: 3}
  m_Name: 
  m_EditorClassIdentifier: 
  m_Material: {fileID: 0}
  m_Color: {r: 1, g: 1, b: 1, a: 1}
  m_RaycastTarget: 1
  m_RaycastPadding: {x: 0, y: 0, z: 0, w: 0}
  m_Maskable: 1
  m_OnCullStateChanged:
    m_PersistentCalls:
      m_Calls: []
  m_Sprite: {fileID: 21300000, guid: 1290055d3975f314f9824827e498b488, type: 3}
  m_Type: 1
  m_PreserveAspect: 0
  m_FillCenter: 1
  m_FillMethod: 4
  m_FillAmount: 1
  m_FillClockwise: 1
  m_FillOrigin: 0
  m_UseSpriteMesh: 0
  m_PixelsPerUnitMultiplier: 1
--- !u!114 &6493515850304781135
MonoBehaviour:
  m_ObjectHideFlags: 0
  m_CorrespondingSourceObject: {fileID: 0}
  m_PrefabInstance: {fileID: 0}
  m_PrefabAsset: {fileID: 0}
  m_GameObject: {fileID: 2433235564710984547}
  m_Enabled: 1
  m_EditorHideFlags: 0
  m_Script: {fileID: 11500000, guid: 4e29b1a8efbd4b44bb3f3716e73f07ff, type: 3}
  m_Name: 
  m_EditorClassIdentifier: 
  m_Navigation:
    m_Mode: 3
    m_WrapAround: 0
    m_SelectOnUp: {fileID: 0}
    m_SelectOnDown: {fileID: 0}
    m_SelectOnLeft: {fileID: 0}
    m_SelectOnRight: {fileID: 0}
  m_Transition: 1
  m_Colors:
    m_NormalColor: {r: 1, g: 1, b: 1, a: 1}
    m_HighlightedColor: {r: 0.9607843, g: 0.9607843, b: 0.9607843, a: 1}
    m_PressedColor: {r: 0.78431374, g: 0.78431374, b: 0.78431374, a: 1}
    m_SelectedColor: {r: 0.9607843, g: 0.9607843, b: 0.9607843, a: 1}
    m_DisabledColor: {r: 0.78431374, g: 0.78431374, b: 0.78431374, a: 0.5019608}
    m_ColorMultiplier: 1
    m_FadeDuration: 0.1
  m_SpriteState:
    m_HighlightedSprite: {fileID: 0}
    m_PressedSprite: {fileID: 0}
    m_SelectedSprite: {fileID: 0}
    m_DisabledSprite: {fileID: 0}
  m_AnimationTriggers:
    m_NormalTrigger: Normal
    m_HighlightedTrigger: Highlighted
    m_PressedTrigger: Pressed
    m_SelectedTrigger: Selected
    m_DisabledTrigger: Disabled
  m_Interactable: 1
  m_TargetGraphic: {fileID: 7351607433417833938}
  m_OnClick:
    m_PersistentCalls:
      m_Calls: []
--- !u!1 &2674507860798481198
GameObject:
  m_ObjectHideFlags: 0
  m_CorrespondingSourceObject: {fileID: 0}
  m_PrefabInstance: {fileID: 0}
  m_PrefabAsset: {fileID: 0}
  serializedVersion: 6
  m_Component:
  - component: {fileID: 5598278340191564306}
  - component: {fileID: 1488306297130704249}
  - component: {fileID: 5449663142814592164}
  m_Layer: 5
  m_Name: Image
  m_TagString: Untagged
  m_Icon: {fileID: 0}
  m_NavMeshLayer: 0
  m_StaticEditorFlags: 0
  m_IsActive: 1
--- !u!224 &5598278340191564306
RectTransform:
  m_ObjectHideFlags: 0
  m_CorrespondingSourceObject: {fileID: 0}
  m_PrefabInstance: {fileID: 0}
  m_PrefabAsset: {fileID: 0}
  m_GameObject: {fileID: 2674507860798481198}
  m_LocalRotation: {x: 0, y: 0, z: 0, w: 1}
  m_LocalPosition: {x: 0, y: 0, z: 0}
  m_LocalScale: {x: 1.4, y: 1.4, z: 1.4}
  m_ConstrainProportionsScale: 0
  m_Children: []
  m_Father: {fileID: 2366517074343702898}
  m_RootOrder: 1
  m_LocalEulerAnglesHint: {x: 0, y: 0, z: 0}
  m_AnchorMin: {x: 0.5, y: 0.5}
  m_AnchorMax: {x: 0.5, y: 0.5}
  m_AnchoredPosition: {x: 0, y: 0}
  m_SizeDelta: {x: 100, y: 92}
  m_Pivot: {x: 0.5, y: 0.5}
--- !u!222 &1488306297130704249
CanvasRenderer:
  m_ObjectHideFlags: 0
  m_CorrespondingSourceObject: {fileID: 0}
  m_PrefabInstance: {fileID: 0}
  m_PrefabAsset: {fileID: 0}
  m_GameObject: {fileID: 2674507860798481198}
  m_CullTransparentMesh: 1
--- !u!114 &5449663142814592164
MonoBehaviour:
  m_ObjectHideFlags: 0
  m_CorrespondingSourceObject: {fileID: 0}
  m_PrefabInstance: {fileID: 0}
  m_PrefabAsset: {fileID: 0}
  m_GameObject: {fileID: 2674507860798481198}
  m_Enabled: 1
  m_EditorHideFlags: 0
  m_Script: {fileID: 11500000, guid: fe87c0e1cc204ed48ad3b37840f39efc, type: 3}
  m_Name: 
  m_EditorClassIdentifier: 
  m_Material: {fileID: 0}
  m_Color: {r: 1, g: 1, b: 1, a: 1}
  m_RaycastTarget: 1
  m_RaycastPadding: {x: 0, y: 0, z: 0, w: 0}
  m_Maskable: 1
  m_OnCullStateChanged:
    m_PersistentCalls:
      m_Calls: []
  m_Sprite: {fileID: 21300000, guid: b4329933ae423e447bcc5a21114c1e78, type: 3}
  m_Type: 0
  m_PreserveAspect: 0
  m_FillCenter: 1
  m_FillMethod: 4
  m_FillAmount: 1
  m_FillClockwise: 1
  m_FillOrigin: 0
  m_UseSpriteMesh: 0
  m_PixelsPerUnitMultiplier: 1
--- !u!1 &2984442706191052546
GameObject:
  m_ObjectHideFlags: 0
  m_CorrespondingSourceObject: {fileID: 0}
  m_PrefabInstance: {fileID: 0}
  m_PrefabAsset: {fileID: 0}
  serializedVersion: 6
  m_Component:
  - component: {fileID: 4644082737464460769}
  m_Layer: 0
  m_Name: TargetForGoblins
  m_TagString: Untagged
  m_Icon: {fileID: 0}
  m_NavMeshLayer: 0
  m_StaticEditorFlags: 0
  m_IsActive: 1
--- !u!4 &4644082737464460769
Transform:
  m_ObjectHideFlags: 0
  m_CorrespondingSourceObject: {fileID: 0}
  m_PrefabInstance: {fileID: 0}
  m_PrefabAsset: {fileID: 0}
  m_GameObject: {fileID: 2984442706191052546}
  m_LocalRotation: {x: 0, y: 0, z: 0, w: 1}
  m_LocalPosition: {x: 1.06, y: 0, z: 0.54}
  m_LocalScale: {x: 1, y: 1, z: 1}
  m_ConstrainProportionsScale: 0
  m_Children: []
  m_Father: {fileID: 5049305924732094288}
  m_RootOrder: 4
  m_LocalEulerAnglesHint: {x: 0, y: 0, z: 0}
--- !u!1 &3370987190363777334
GameObject:
  m_ObjectHideFlags: 0
  m_CorrespondingSourceObject: {fileID: 0}
  m_PrefabInstance: {fileID: 0}
  m_PrefabAsset: {fileID: 0}
  serializedVersion: 6
  m_Component:
  - component: {fileID: 5201694543934273420}
  - component: {fileID: 3340015704675880370}
  m_Layer: 0
  m_Name: Gem
  m_TagString: Untagged
  m_Icon: {fileID: 0}
  m_NavMeshLayer: 0
  m_StaticEditorFlags: 0
  m_IsActive: 1
--- !u!4 &5201694543934273420
Transform:
  m_ObjectHideFlags: 0
  m_CorrespondingSourceObject: {fileID: 0}
  m_PrefabInstance: {fileID: 0}
  m_PrefabAsset: {fileID: 0}
  m_GameObject: {fileID: 3370987190363777334}
  m_LocalRotation: {x: 0.48098874, y: -0, z: -0, w: 0.8767268}
  m_LocalPosition: {x: 1.56, y: 4.28, z: 0}
  m_LocalScale: {x: 0.5, y: 0.5, z: 0.5}
  m_ConstrainProportionsScale: 0
  m_Children: []
  m_Father: {fileID: 5049305924732094288}
  m_RootOrder: 8
  m_LocalEulerAnglesHint: {x: 57.5, y: 0, z: 0}
--- !u!212 &3340015704675880370
SpriteRenderer:
  m_ObjectHideFlags: 0
  m_CorrespondingSourceObject: {fileID: 0}
  m_PrefabInstance: {fileID: 0}
  m_PrefabAsset: {fileID: 0}
  m_GameObject: {fileID: 3370987190363777334}
  m_Enabled: 1
  m_CastShadows: 0
  m_ReceiveShadows: 0
  m_DynamicOccludee: 1
  m_StaticShadowCaster: 0
  m_MotionVectors: 1
  m_LightProbeUsage: 1
  m_ReflectionProbeUsage: 1
  m_RayTracingMode: 0
  m_RayTraceProcedural: 0
  m_RenderingLayerMask: 1
  m_RendererPriority: 0
  m_Materials:
  - {fileID: 10754, guid: 0000000000000000f000000000000000, type: 0}
  m_StaticBatchInfo:
    firstSubMesh: 0
    subMeshCount: 0
  m_StaticBatchRoot: {fileID: 0}
  m_ProbeAnchor: {fileID: 0}
  m_LightProbeVolumeOverride: {fileID: 0}
  m_ScaleInLightmap: 1
  m_ReceiveGI: 1
  m_PreserveUVs: 0
  m_IgnoreNormalsForChartDetection: 0
  m_ImportantGI: 0
  m_StitchLightmapSeams: 1
  m_SelectedEditorRenderState: 0
  m_MinimumChartSize: 4
  m_AutoUVMaxDistance: 0.5
  m_AutoUVMaxAngle: 89
  m_LightmapParameters: {fileID: 0}
  m_SortingLayerID: 0
  m_SortingLayer: 0
  m_SortingOrder: 0
  m_Sprite: {fileID: 21300000, guid: 21761623f4af1b24dadb8dda27a1b275, type: 3}
  m_Color: {r: 1, g: 1, b: 1, a: 1}
  m_FlipX: 0
  m_FlipY: 0
  m_DrawMode: 0
  m_Size: {x: 1, y: 1}
  m_AdaptiveModeThreshold: 0.5
  m_SpriteTileMode: 0
  m_WasSpriteAssigned: 1
  m_MaskInteraction: 0
  m_SpriteSortPoint: 0
--- !u!1 &3679594153408304953
GameObject:
  m_ObjectHideFlags: 0
  m_CorrespondingSourceObject: {fileID: 0}
  m_PrefabInstance: {fileID: 0}
  m_PrefabAsset: {fileID: 0}
  serializedVersion: 6
  m_Component:
  - component: {fileID: 4737049623354319486}
  - component: {fileID: 8617434979081510849}
  - component: {fileID: 7652586199654703569}
  m_Layer: 5
  m_Name: Text (TMP)
  m_TagString: Untagged
  m_Icon: {fileID: 0}
  m_NavMeshLayer: 0
  m_StaticEditorFlags: 0
  m_IsActive: 1
--- !u!224 &4737049623354319486
RectTransform:
  m_ObjectHideFlags: 0
  m_CorrespondingSourceObject: {fileID: 0}
  m_PrefabInstance: {fileID: 0}
  m_PrefabAsset: {fileID: 0}
  m_GameObject: {fileID: 3679594153408304953}
  m_LocalRotation: {x: 0, y: 0, z: 0, w: 1}
  m_LocalPosition: {x: 0, y: 0, z: 0}
  m_LocalScale: {x: 1, y: 1, z: 1}
  m_ConstrainProportionsScale: 0
  m_Children: []
  m_Father: {fileID: 2366517074343702898}
  m_RootOrder: 0
  m_LocalEulerAnglesHint: {x: 0, y: 0, z: 0}
  m_AnchorMin: {x: 0, y: 0}
  m_AnchorMax: {x: 1, y: 1}
  m_AnchoredPosition: {x: 0, y: 0}
  m_SizeDelta: {x: 0, y: 0}
  m_Pivot: {x: 0.5, y: 0.5}
--- !u!222 &8617434979081510849
CanvasRenderer:
  m_ObjectHideFlags: 0
  m_CorrespondingSourceObject: {fileID: 0}
  m_PrefabInstance: {fileID: 0}
  m_PrefabAsset: {fileID: 0}
  m_GameObject: {fileID: 3679594153408304953}
  m_CullTransparentMesh: 1
--- !u!114 &7652586199654703569
MonoBehaviour:
  m_ObjectHideFlags: 0
  m_CorrespondingSourceObject: {fileID: 0}
  m_PrefabInstance: {fileID: 0}
  m_PrefabAsset: {fileID: 0}
  m_GameObject: {fileID: 3679594153408304953}
  m_Enabled: 1
  m_EditorHideFlags: 0
  m_Script: {fileID: 11500000, guid: f4688fdb7df04437aeb418b961361dc5, type: 3}
  m_Name: 
  m_EditorClassIdentifier: 
  m_Material: {fileID: 0}
  m_Color: {r: 1, g: 1, b: 1, a: 1}
  m_RaycastTarget: 1
  m_RaycastPadding: {x: 0, y: 0, z: 0, w: 0}
  m_Maskable: 1
  m_OnCullStateChanged:
    m_PersistentCalls:
      m_Calls: []
  m_text: 
  m_isRightToLeft: 0
  m_fontAsset: {fileID: 11400000, guid: 8f586378b4e144a9851e7b34d9b748ee, type: 2}
  m_sharedMaterial: {fileID: 2180264, guid: 8f586378b4e144a9851e7b34d9b748ee, type: 2}
  m_fontSharedMaterials: []
  m_fontMaterial: {fileID: 0}
  m_fontMaterials: []
  m_fontColor32:
    serializedVersion: 2
    rgba: 4281479730
  m_fontColor: {r: 0.19607843, g: 0.19607843, b: 0.19607843, a: 1}
  m_enableVertexGradient: 0
  m_colorMode: 3
  m_fontColorGradient:
    topLeft: {r: 1, g: 1, b: 1, a: 1}
    topRight: {r: 1, g: 1, b: 1, a: 1}
    bottomLeft: {r: 1, g: 1, b: 1, a: 1}
    bottomRight: {r: 1, g: 1, b: 1, a: 1}
  m_fontColorGradientPreset: {fileID: 0}
  m_spriteAsset: {fileID: 0}
  m_tintAllSprites: 0
  m_StyleSheet: {fileID: 0}
  m_TextStyleHashCode: -1183493901
  m_overrideHtmlColors: 0
  m_faceColor:
    serializedVersion: 2
    rgba: 4294967295
  m_fontSize: 24
  m_fontSizeBase: 24
  m_fontWeight: 400
  m_enableAutoSizing: 0
  m_fontSizeMin: 18
  m_fontSizeMax: 72
  m_fontStyle: 0
  m_HorizontalAlignment: 2
  m_VerticalAlignment: 512
  m_textAlignment: 65535
  m_characterSpacing: 0
  m_wordSpacing: 0
  m_lineSpacing: 0
  m_lineSpacingMax: 0
  m_paragraphSpacing: 0
  m_charWidthMaxAdj: 0
  m_enableWordWrapping: 1
  m_wordWrappingRatios: 0.4
  m_overflowMode: 0
  m_linkedTextComponent: {fileID: 0}
  parentLinkedComponent: {fileID: 0}
  m_enableKerning: 1
  m_enableExtraPadding: 0
  checkPaddingRequired: 0
  m_isRichText: 1
  m_parseCtrlCharacters: 1
  m_isOrthographic: 1
  m_isCullingEnabled: 0
  m_horizontalMapping: 0
  m_verticalMapping: 0
  m_uvLineOffset: 0
  m_geometrySortingOrder: 0
  m_IsTextObjectScaleStatic: 0
  m_VertexBufferAutoSizeReduction: 0
  m_useMaxVisibleDescender: 1
  m_pageToDisplay: 1
  m_margin: {x: 0, y: 0, z: 0, w: 0}
  m_isUsingLegacyAnimationComponent: 0
  m_isVolumetricText: 0
  m_hasFontAssetChanged: 0
  m_baseMaterial: {fileID: 0}
  m_maskOffset: {x: 0, y: 0, z: 0, w: 0}
--- !u!1 &3965374397308946542
GameObject:
  m_ObjectHideFlags: 0
  m_CorrespondingSourceObject: {fileID: 0}
  m_PrefabInstance: {fileID: 0}
  m_PrefabAsset: {fileID: 0}
  serializedVersion: 6
  m_Component:
  - component: {fileID: 7014903186535279128}
  - component: {fileID: 2199595140744083366}
  m_Layer: 0
  m_Name: core
  m_TagString: Untagged
  m_Icon: {fileID: 0}
  m_NavMeshLayer: 0
  m_StaticEditorFlags: 0
  m_IsActive: 1
--- !u!4 &7014903186535279128
Transform:
  m_ObjectHideFlags: 0
  m_CorrespondingSourceObject: {fileID: 0}
  m_PrefabInstance: {fileID: 0}
  m_PrefabAsset: {fileID: 0}
  m_GameObject: {fileID: 3965374397308946542}
  m_LocalRotation: {x: 0, y: 0, z: 0, w: 1}
  m_LocalPosition: {x: 1.45, y: 1.34, z: -1.05}
  m_LocalScale: {x: 0.3, y: 0.3, z: 0.3}
  m_ConstrainProportionsScale: 0
  m_Children: []
  m_Father: {fileID: 5205199402375032766}
  m_RootOrder: 1
  m_LocalEulerAnglesHint: {x: 0, y: 0, z: 0}
--- !u!212 &2199595140744083366
SpriteRenderer:
  m_ObjectHideFlags: 0
  m_CorrespondingSourceObject: {fileID: 0}
  m_PrefabInstance: {fileID: 0}
  m_PrefabAsset: {fileID: 0}
  m_GameObject: {fileID: 3965374397308946542}
  m_Enabled: 1
  m_CastShadows: 0
  m_ReceiveShadows: 0
  m_DynamicOccludee: 1
  m_StaticShadowCaster: 0
  m_MotionVectors: 1
  m_LightProbeUsage: 1
  m_ReflectionProbeUsage: 1
  m_RayTracingMode: 0
  m_RayTraceProcedural: 0
  m_RenderingLayerMask: 1
  m_RendererPriority: 0
  m_Materials:
  - {fileID: 10754, guid: 0000000000000000f000000000000000, type: 0}
  m_StaticBatchInfo:
    firstSubMesh: 0
    subMeshCount: 0
  m_StaticBatchRoot: {fileID: 0}
  m_ProbeAnchor: {fileID: 0}
  m_LightProbeVolumeOverride: {fileID: 0}
  m_ScaleInLightmap: 1
  m_ReceiveGI: 1
  m_PreserveUVs: 0
  m_IgnoreNormalsForChartDetection: 0
  m_ImportantGI: 0
  m_StitchLightmapSeams: 1
  m_SelectedEditorRenderState: 0
  m_MinimumChartSize: 4
  m_AutoUVMaxDistance: 0.5
  m_AutoUVMaxAngle: 89
  m_LightmapParameters: {fileID: 0}
  m_SortingLayerID: 0
  m_SortingLayer: 0
  m_SortingOrder: 0
  m_Sprite: {fileID: 21300000, guid: c159aa90cbe6a4f49ac97c2e7c2ee5bb, type: 3}
  m_Color: {r: 1, g: 1, b: 1, a: 1}
  m_FlipX: 0
  m_FlipY: 0
  m_DrawMode: 0
  m_Size: {x: 1.72, y: 1.72}
  m_AdaptiveModeThreshold: 0.5
  m_SpriteTileMode: 0
  m_WasSpriteAssigned: 1
  m_MaskInteraction: 0
  m_SpriteSortPoint: 0
--- !u!1 &5573605108716854762
GameObject:
  m_ObjectHideFlags: 0
  m_CorrespondingSourceObject: {fileID: 0}
  m_PrefabInstance: {fileID: 0}
  m_PrefabAsset: {fileID: 0}
  serializedVersion: 6
  m_Component:
  - component: {fileID: 5049305924732094288}
  - component: {fileID: 1643649584517060714}
  - component: {fileID: 3311311652620875117}
  - component: {fileID: 8471590605237850116}
  - component: {fileID: -333883640970876134}
  - component: {fileID: 3047883509175042747}
  m_Layer: 0
  m_Name: MineSideRight
  m_TagString: Untagged
  m_Icon: {fileID: 0}
  m_NavMeshLayer: 0
  m_StaticEditorFlags: 0
  m_IsActive: 1
--- !u!4 &5049305924732094288
Transform:
  m_ObjectHideFlags: 0
  m_CorrespondingSourceObject: {fileID: 0}
  m_PrefabInstance: {fileID: 0}
  m_PrefabAsset: {fileID: 0}
  m_GameObject: {fileID: 5573605108716854762}
  m_LocalRotation: {x: 0, y: 0, z: 0, w: 1}
  m_LocalPosition: {x: 7, y: 0, z: 11}
  m_LocalScale: {x: 1, y: 1, z: 1}
  m_ConstrainProportionsScale: 0
  m_Children:
  - {fileID: 6080102410684579177}
  - {fileID: 5205024804111192896}
  - {fileID: 8420227572066244240}
  - {fileID: 5103206970868965978}
  - {fileID: 4644082737464460769}
  - {fileID: 3284055126833148679}
  - {fileID: 103663359840218596}
  - {fileID: 5205199402375032766}
  - {fileID: 5201694543934273420}
  - {fileID: 1280294627566362043}
  - {fileID: 4874168866802414858}
  - {fileID: 970151485178765842}
  - {fileID: 8889383788984996845}
  - {fileID: 2032268788321211403}
  m_Father: {fileID: 0}
  m_RootOrder: 0
  m_LocalEulerAnglesHint: {x: 0, y: 0, z: 0}
--- !u!114 &1643649584517060714
MonoBehaviour:
  m_ObjectHideFlags: 0
  m_CorrespondingSourceObject: {fileID: 0}
  m_PrefabInstance: {fileID: 0}
  m_PrefabAsset: {fileID: 0}
  m_GameObject: {fileID: 5573605108716854762}
  m_Enabled: 1
  m_EditorHideFlags: 0
  m_Script: {fileID: 11500000, guid: ab3714affb6e9584687fc96e0544d46b, type: 3}
  m_Name: 
  m_EditorClassIdentifier: 
  _inactiveMine: {fileID: 9129539546349353845}
  _buttonForUpgrade: {fileID: 6080102410144607711}
  _coinGO: {fileID: 7251890256368672629}
  _upperCircle: {fileID: 8763366164075638029}
  _topTextGo: {fileID: 3860856182884671945}
  _topText: {fileID: 2845444613560140627}
  _sleighHandler: {fileID: 3620588646732300878}
  _destroyableObject: {fileID: 5501448652978787640}
  _listImageButton:
  - {fileID: 21300000, guid: 963a8f29c07cbff4fbec3ed4de324059, type: 3}
  - {fileID: 21300000, guid: 61de633f54d124e48b988afcc71c9429, type: 3}
  _buttonForAuto: {fileID: 1108025644605562981}
  _checkForAuto: {fileID: 1699747740307797178}
  _canvasActivation: {fileID: 8875463720135651118}
  _btnActivation: {fileID: 6493515850304781135}
  _gemSprite: {fileID: 3340015704675880370}
  _listImageTypeCard:
  - {fileID: 21300000, guid: c7cb96084546d1c49887f098c982df98, type: 3}
  - {fileID: 21300000, guid: 4218510eda06c39478c05af8c2a74b59, type: 3}
  - {fileID: 21300000, guid: 6df1d0d53ae71f14480f2ce9ac233bcc, type: 3}
  - {fileID: 21300000, guid: 03630d2181b54244db9150daa9563b40, type: 3}
  - {fileID: 21300000, guid: 21761623f4af1b24dadb8dda27a1b275, type: 3}
  _typeMain: 0
--- !u!114 &3311311652620875117
MonoBehaviour:
  m_ObjectHideFlags: 0
  m_CorrespondingSourceObject: {fileID: 0}
  m_PrefabInstance: {fileID: 0}
  m_PrefabAsset: {fileID: 0}
  m_GameObject: {fileID: 5573605108716854762}
  m_Enabled: 1
  m_EditorHideFlags: 0
  m_Script: {fileID: 11500000, guid: b9ea6dcf52323b74989938303f0a3283, type: 3}
  m_Name: 
  m_EditorClassIdentifier: 
  _level: 1
  _destroyableObject: {fileID: 5501448652978787640}
--- !u!114 &8471590605237850116
MonoBehaviour:
  m_ObjectHideFlags: 0
  m_CorrespondingSourceObject: {fileID: 0}
  m_PrefabInstance: {fileID: 0}
  m_PrefabAsset: {fileID: 0}
  m_GameObject: {fileID: 5573605108716854762}
  m_Enabled: 1
  m_EditorHideFlags: 0
  m_Script: {fileID: 11500000, guid: 39de4349a0f882844b1da2c118c2ed47, type: 3}
  m_Name: 
  m_EditorClassIdentifier: 
--- !u!65 &-333883640970876134
BoxCollider:
  m_ObjectHideFlags: 0
  m_CorrespondingSourceObject: {fileID: 0}
  m_PrefabInstance: {fileID: 0}
  m_PrefabAsset: {fileID: 0}
  m_GameObject: {fileID: 5573605108716854762}
  m_Material: {fileID: 0}
  m_IsTrigger: 0
  m_Enabled: 1
  serializedVersion: 2
  m_Size: {x: 2, y: 0, z: 3}
  m_Center: {x: 0.5, y: 0, z: 1}
--- !u!114 &3047883509175042747
MonoBehaviour:
  m_ObjectHideFlags: 0
  m_CorrespondingSourceObject: {fileID: 0}
  m_PrefabInstance: {fileID: 0}
  m_PrefabAsset: {fileID: 0}
  m_GameObject: {fileID: 5573605108716854762}
  m_Enabled: 1
  m_EditorHideFlags: 0
  m_Script: {fileID: 11500000, guid: fce378b1d84544748b9ed24280cdc86b, type: 3}
  m_Name: 
  m_EditorClassIdentifier: 
  _size: {x: 2, y: 3}
  _allowablePosition: []
--- !u!1 &6294208655918866808
GameObject:
  m_ObjectHideFlags: 0
  m_CorrespondingSourceObject: {fileID: 0}
  m_PrefabInstance: {fileID: 0}
  m_PrefabAsset: {fileID: 0}
  serializedVersion: 6
  m_Component:
  - component: {fileID: 1171772074580470714}
  - component: {fileID: 5512114372382928455}
  - component: {fileID: 3509185745645852352}
  m_Layer: 5
  m_Name: Text (TMP)
  m_TagString: Untagged
  m_Icon: {fileID: 0}
  m_NavMeshLayer: 0
  m_StaticEditorFlags: 0
  m_IsActive: 1
--- !u!224 &1171772074580470714
RectTransform:
  m_ObjectHideFlags: 0
  m_CorrespondingSourceObject: {fileID: 0}
  m_PrefabInstance: {fileID: 0}
  m_PrefabAsset: {fileID: 0}
  m_GameObject: {fileID: 6294208655918866808}
  m_LocalRotation: {x: 0, y: 0, z: 0, w: 1}
  m_LocalPosition: {x: 0, y: 0, z: 0}
  m_LocalScale: {x: 1, y: 1, z: 1}
  m_ConstrainProportionsScale: 0
  m_Children: []
  m_Father: {fileID: 1443317186184726552}
  m_RootOrder: 0
  m_LocalEulerAnglesHint: {x: 0, y: 0, z: 0}
  m_AnchorMin: {x: 0, y: 0}
  m_AnchorMax: {x: 1, y: 1}
  m_AnchoredPosition: {x: 0, y: 0}
  m_SizeDelta: {x: 0, y: 0}
  m_Pivot: {x: 0.5, y: 0.5}
--- !u!222 &5512114372382928455
CanvasRenderer:
  m_ObjectHideFlags: 0
  m_CorrespondingSourceObject: {fileID: 0}
  m_PrefabInstance: {fileID: 0}
  m_PrefabAsset: {fileID: 0}
  m_GameObject: {fileID: 6294208655918866808}
  m_CullTransparentMesh: 1
--- !u!114 &3509185745645852352
MonoBehaviour:
  m_ObjectHideFlags: 0
  m_CorrespondingSourceObject: {fileID: 0}
  m_PrefabInstance: {fileID: 0}
  m_PrefabAsset: {fileID: 0}
  m_GameObject: {fileID: 6294208655918866808}
  m_Enabled: 1
  m_EditorHideFlags: 0
  m_Script: {fileID: 11500000, guid: f4688fdb7df04437aeb418b961361dc5, type: 3}
  m_Name: 
  m_EditorClassIdentifier: 
  m_Material: {fileID: 0}
  m_Color: {r: 1, g: 1, b: 1, a: 1}
  m_RaycastTarget: 1
  m_RaycastPadding: {x: 0, y: 0, z: 0, w: 0}
  m_Maskable: 1
  m_OnCullStateChanged:
    m_PersistentCalls:
      m_Calls: []
  m_text: "\u0410\u043A\u0442\u0438\u0432\u0438\u0440\u043E\u0432\u0430\u0442\u044C"
  m_isRightToLeft: 0
  m_fontAsset: {fileID: 11400000, guid: c87b7982aae276f47b15c737d6d056fc, type: 2}
  m_sharedMaterial: {fileID: 7853927416209538429, guid: c87b7982aae276f47b15c737d6d056fc, type: 2}
  m_fontSharedMaterials: []
  m_fontMaterial: {fileID: 0}
  m_fontMaterials: []
  m_fontColor32:
    serializedVersion: 2
    rgba: 4294967295
  m_fontColor: {r: 1, g: 1, b: 1, a: 1}
  m_enableVertexGradient: 0
  m_colorMode: 3
  m_fontColorGradient:
    topLeft: {r: 1, g: 1, b: 1, a: 1}
    topRight: {r: 1, g: 1, b: 1, a: 1}
    bottomLeft: {r: 1, g: 1, b: 1, a: 1}
    bottomRight: {r: 1, g: 1, b: 1, a: 1}
  m_fontColorGradientPreset: {fileID: 0}
  m_spriteAsset: {fileID: 0}
  m_tintAllSprites: 0
  m_StyleSheet: {fileID: 0}
  m_TextStyleHashCode: -1183493901
  m_overrideHtmlColors: 0
  m_faceColor:
    serializedVersion: 2
    rgba: 4294967295
  m_fontSize: 24
  m_fontSizeBase: 24
  m_fontWeight: 400
  m_enableAutoSizing: 0
  m_fontSizeMin: 18
  m_fontSizeMax: 72
  m_fontStyle: 0
  m_HorizontalAlignment: 2
  m_VerticalAlignment: 512
  m_textAlignment: 65535
  m_characterSpacing: 0
  m_wordSpacing: 0
  m_lineSpacing: 0
  m_lineSpacingMax: 0
  m_paragraphSpacing: 0
  m_charWidthMaxAdj: 0
  m_enableWordWrapping: 1
  m_wordWrappingRatios: 0.4
  m_overflowMode: 0
  m_linkedTextComponent: {fileID: 0}
  parentLinkedComponent: {fileID: 0}
  m_enableKerning: 1
  m_enableExtraPadding: 0
  checkPaddingRequired: 0
  m_isRichText: 1
  m_parseCtrlCharacters: 1
  m_isOrthographic: 1
  m_isCullingEnabled: 0
  m_horizontalMapping: 0
  m_verticalMapping: 0
  m_uvLineOffset: 0
  m_geometrySortingOrder: 0
  m_IsTextObjectScaleStatic: 0
  m_VertexBufferAutoSizeReduction: 0
  m_useMaxVisibleDescender: 1
  m_pageToDisplay: 1
  m_margin: {x: 0, y: 0, z: 0, w: 0}
  m_isUsingLegacyAnimationComponent: 0
  m_isVolumetricText: 0
  m_hasFontAssetChanged: 0
  m_baseMaterial: {fileID: 0}
  m_maskOffset: {x: 0, y: 0, z: 0, w: 0}
--- !u!1 &7251890256368672629
GameObject:
  m_ObjectHideFlags: 0
  m_CorrespondingSourceObject: {fileID: 0}
  m_PrefabInstance: {fileID: 0}
  m_PrefabAsset: {fileID: 0}
  serializedVersion: 6
  m_Component:
  - component: {fileID: 5205199402375032766}
  - component: {fileID: 5216813021342132867}
  - component: {fileID: 4035440764345406751}
  m_Layer: 0
  m_Name: Coin
  m_TagString: Untagged
  m_Icon: {fileID: 0}
  m_NavMeshLayer: 0
  m_StaticEditorFlags: 0
  m_IsActive: 0
--- !u!4 &5205199402375032766
Transform:
  m_ObjectHideFlags: 0
  m_CorrespondingSourceObject: {fileID: 0}
  m_PrefabInstance: {fileID: 0}
  m_PrefabAsset: {fileID: 0}
  m_GameObject: {fileID: 7251890256368672629}
  m_LocalRotation: {x: 0.48098874, y: -0, z: -0, w: 0.8767268}
  m_LocalPosition: {x: -1.8, y: 0, z: 0}
  m_LocalScale: {x: 1, y: 1, z: 1}
  m_ConstrainProportionsScale: 0
  m_Children:
  - {fileID: 955074807199559520}
  - {fileID: 7014903186535279128}
  m_Father: {fileID: 5049305924732094288}
  m_RootOrder: 7
  m_LocalEulerAnglesHint: {x: 57.5, y: 0, z: 0}
--- !u!114 &5216813021342132867
MonoBehaviour:
  m_ObjectHideFlags: 0
  m_CorrespondingSourceObject: {fileID: 0}
  m_PrefabInstance: {fileID: 0}
  m_PrefabAsset: {fileID: 0}
  m_GameObject: {fileID: 7251890256368672629}
  m_Enabled: 1
  m_EditorHideFlags: 0
  m_Script: {fileID: 11500000, guid: c5418b1a9cbc9a04b8480464659604ec, type: 3}
  m_Name: 
  m_EditorClassIdentifier: 
  _mineSide: {fileID: 1643649584517060714}
  _particle: {fileID: 8743139142682073323}
  _animatorFlightGold: {fileID: 8092741286210103133, guid: 8046f3d11c63cc54abe5440cf35c756c, type: 3}
  _cartPayload: {fileID: 1703754548543598431}
--- !u!65 &4035440764345406751
BoxCollider:
  m_ObjectHideFlags: 0
  m_CorrespondingSourceObject: {fileID: 0}
  m_PrefabInstance: {fileID: 0}
  m_PrefabAsset: {fileID: 0}
  m_GameObject: {fileID: 7251890256368672629}
  m_Material: {fileID: 0}
  m_IsTrigger: 0
  m_Enabled: 1
  serializedVersion: 2
  m_Size: {x: 0.64, y: 0.64, z: 0.2}
  m_Center: {x: 1.45, y: 1.34, z: -1}
--- !u!1 &7630044479434549271
GameObject:
  m_ObjectHideFlags: 0
  m_CorrespondingSourceObject: {fileID: 0}
  m_PrefabInstance: {fileID: 0}
  m_PrefabAsset: {fileID: 0}
  serializedVersion: 6
  m_Component:
  - component: {fileID: 103663359840218596}
  - component: {fileID: 4073394715555605822}
  - component: {fileID: 8762985993960207183}
  - component: {fileID: 5326694869885984797}
  m_Layer: 5
  m_Name: CanvasButtonAutomatization
  m_TagString: Untagged
  m_Icon: {fileID: 0}
  m_NavMeshLayer: 0
  m_StaticEditorFlags: 0
  m_IsActive: 1
--- !u!224 &103663359840218596
RectTransform:
  m_ObjectHideFlags: 0
  m_CorrespondingSourceObject: {fileID: 0}
  m_PrefabInstance: {fileID: 0}
  m_PrefabAsset: {fileID: 0}
  m_GameObject: {fileID: 7630044479434549271}
  m_LocalRotation: {x: 0.48098874, y: 0, z: 0, w: 0.8767268}
  m_LocalPosition: {x: 0, y: 0, z: 0}
  m_LocalScale: {x: 0.01, y: 0.01, z: 0.01}
  m_ConstrainProportionsScale: 0
  m_Children:
  - {fileID: 2366517074343702898}
  - {fileID: 8342331192837968353}
  m_Father: {fileID: 5049305924732094288}
  m_RootOrder: 6
  m_LocalEulerAnglesHint: {x: 57.5, y: 0, z: 0}
  m_AnchorMin: {x: 0, y: 0}
  m_AnchorMax: {x: 0, y: 0}
  m_AnchoredPosition: {x: 2.87, y: 0}
  m_SizeDelta: {x: 1080, y: 1920}
  m_Pivot: {x: 0.5, y: 0.5}
--- !u!223 &4073394715555605822
Canvas:
  m_ObjectHideFlags: 0
  m_CorrespondingSourceObject: {fileID: 0}
  m_PrefabInstance: {fileID: 0}
  m_PrefabAsset: {fileID: 0}
  m_GameObject: {fileID: 7630044479434549271}
  m_Enabled: 1
  serializedVersion: 3
  m_RenderMode: 2
  m_Camera: {fileID: 0}
  m_PlaneDistance: 100
  m_PixelPerfect: 0
  m_ReceivesEvents: 1
  m_OverrideSorting: 0
  m_OverridePixelPerfect: 0
  m_SortingBucketNormalizedSize: 0
  m_AdditionalShaderChannelsFlag: 25
  m_SortingLayerID: 0
  m_SortingOrder: 0
  m_TargetDisplay: 0
--- !u!114 &8762985993960207183
MonoBehaviour:
  m_ObjectHideFlags: 0
  m_CorrespondingSourceObject: {fileID: 0}
  m_PrefabInstance: {fileID: 0}
  m_PrefabAsset: {fileID: 0}
  m_GameObject: {fileID: 7630044479434549271}
  m_Enabled: 1
  m_EditorHideFlags: 0
  m_Script: {fileID: 11500000, guid: 0cd44c1031e13a943bb63640046fad76, type: 3}
  m_Name: 
  m_EditorClassIdentifier: 
  m_UiScaleMode: 0
  m_ReferencePixelsPerUnit: 100
  m_ScaleFactor: 1
  m_ReferenceResolution: {x: 800, y: 600}
  m_ScreenMatchMode: 0
  m_MatchWidthOrHeight: 0
  m_PhysicalUnit: 3
  m_FallbackScreenDPI: 96
  m_DefaultSpriteDPI: 96
  m_DynamicPixelsPerUnit: 1
  m_PresetInfoIsWorld: 1
--- !u!114 &5326694869885984797
MonoBehaviour:
  m_ObjectHideFlags: 0
  m_CorrespondingSourceObject: {fileID: 0}
  m_PrefabInstance: {fileID: 0}
  m_PrefabAsset: {fileID: 0}
  m_GameObject: {fileID: 7630044479434549271}
  m_Enabled: 1
  m_EditorHideFlags: 0
  m_Script: {fileID: 11500000, guid: dc42784cf147c0c48a680349fa168899, type: 3}
  m_Name: 
  m_EditorClassIdentifier: 
  m_IgnoreReversedGraphics: 1
  m_BlockingObjects: 0
  m_BlockingMask:
    serializedVersion: 2
    m_Bits: 4294967295
--- !u!1 &8092163360178577867
GameObject:
  m_ObjectHideFlags: 0
  m_CorrespondingSourceObject: {fileID: 0}
  m_PrefabInstance: {fileID: 0}
  m_PrefabAsset: {fileID: 0}
  serializedVersion: 6
  m_Component:
  - component: {fileID: 955074807199559520}
  - component: {fileID: 55177106398150883}
  m_Layer: 0
  m_Name: tiled-fill
  m_TagString: Untagged
  m_Icon: {fileID: 0}
  m_NavMeshLayer: 0
  m_StaticEditorFlags: 0
  m_IsActive: 1
--- !u!4 &955074807199559520
Transform:
  m_ObjectHideFlags: 0
  m_CorrespondingSourceObject: {fileID: 0}
  m_PrefabInstance: {fileID: 0}
  m_PrefabAsset: {fileID: 0}
  m_GameObject: {fileID: 8092163360178577867}
  m_LocalRotation: {x: -0, y: -0, z: -0, w: 1}
  m_LocalPosition: {x: 1.45, y: 1.34, z: -1}
  m_LocalScale: {x: 1, y: 1, z: 1}
  m_ConstrainProportionsScale: 0
  m_Children:
  - {fileID: 2512323389265285572}
  m_Father: {fileID: 5205199402375032766}
  m_RootOrder: 0
  m_LocalEulerAnglesHint: {x: 0, y: 0, z: 0}
--- !u!212 &55177106398150883
SpriteRenderer:
  m_ObjectHideFlags: 0
  m_CorrespondingSourceObject: {fileID: 0}
  m_PrefabInstance: {fileID: 0}
  m_PrefabAsset: {fileID: 0}
  m_GameObject: {fileID: 8092163360178577867}
  m_Enabled: 1
  m_CastShadows: 0
  m_ReceiveShadows: 0
  m_DynamicOccludee: 1
  m_StaticShadowCaster: 0
  m_MotionVectors: 1
  m_LightProbeUsage: 1
  m_ReflectionProbeUsage: 1
  m_RayTracingMode: 0
  m_RayTraceProcedural: 0
  m_RenderingLayerMask: 1
  m_RendererPriority: 0
  m_Materials:
  - {fileID: 10754, guid: 0000000000000000f000000000000000, type: 0}
  m_StaticBatchInfo:
    firstSubMesh: 0
    subMeshCount: 0
  m_StaticBatchRoot: {fileID: 0}
  m_ProbeAnchor: {fileID: 0}
  m_LightProbeVolumeOverride: {fileID: 0}
  m_ScaleInLightmap: 1
  m_ReceiveGI: 1
  m_PreserveUVs: 0
  m_IgnoreNormalsForChartDetection: 0
  m_ImportantGI: 0
  m_StitchLightmapSeams: 1
  m_SelectedEditorRenderState: 0
  m_MinimumChartSize: 4
  m_AutoUVMaxDistance: 0.5
  m_AutoUVMaxAngle: 89
  m_LightmapParameters: {fileID: 0}
  m_SortingLayerID: 0
  m_SortingLayer: 0
  m_SortingOrder: 0
  m_Sprite: {fileID: 21300000, guid: dc217039b71f64942aa3fd2064ccf8f6, type: 3}
  m_Color: {r: 1, g: 1, b: 1, a: 1}
  m_FlipX: 0
  m_FlipY: 0
  m_DrawMode: 0
  m_Size: {x: 0.64, y: 0.64}
  m_AdaptiveModeThreshold: 0.5
  m_SpriteTileMode: 0
  m_WasSpriteAssigned: 1
  m_MaskInteraction: 0
  m_SpriteSortPoint: 0
--- !u!1 &8875463720135651118
GameObject:
  m_ObjectHideFlags: 0
  m_CorrespondingSourceObject: {fileID: 0}
  m_PrefabInstance: {fileID: 0}
  m_PrefabAsset: {fileID: 0}
  serializedVersion: 6
  m_Component:
  - component: {fileID: 1280294627566362043}
  - component: {fileID: 1673582968759200513}
  - component: {fileID: 7408748748049281567}
  - component: {fileID: 8389838877206367918}
  m_Layer: 5
  m_Name: CanvasButtonActivation
  m_TagString: Untagged
  m_Icon: {fileID: 0}
  m_NavMeshLayer: 0
  m_StaticEditorFlags: 0
  m_IsActive: 1
--- !u!224 &1280294627566362043
RectTransform:
  m_ObjectHideFlags: 0
  m_CorrespondingSourceObject: {fileID: 0}
  m_PrefabInstance: {fileID: 0}
  m_PrefabAsset: {fileID: 0}
  m_GameObject: {fileID: 8875463720135651118}
  m_LocalRotation: {x: 0.48098874, y: -0, z: -0, w: 0.8767268}
  m_LocalPosition: {x: 0, y: 0, z: -0.09}
  m_LocalScale: {x: 0.01, y: 0.01, z: 0.01}
  m_ConstrainProportionsScale: 0
  m_Children:
  - {fileID: 7695514671303591579}
  m_Father: {fileID: 5049305924732094288}
  m_RootOrder: 9
  m_LocalEulerAnglesHint: {x: 57.5, y: 0, z: 0}
  m_AnchorMin: {x: 0, y: 0}
  m_AnchorMax: {x: 0, y: 0}
  m_AnchoredPosition: {x: -0.2, y: 0}
  m_SizeDelta: {x: 1080, y: 1920}
  m_Pivot: {x: 0.5, y: 0.5}
--- !u!223 &1673582968759200513
Canvas:
  m_ObjectHideFlags: 0
  m_CorrespondingSourceObject: {fileID: 0}
  m_PrefabInstance: {fileID: 0}
  m_PrefabAsset: {fileID: 0}
  m_GameObject: {fileID: 8875463720135651118}
  m_Enabled: 1
  serializedVersion: 3
  m_RenderMode: 2
  m_Camera: {fileID: 0}
  m_PlaneDistance: 100
  m_PixelPerfect: 0
  m_ReceivesEvents: 1
  m_OverrideSorting: 0
  m_OverridePixelPerfect: 0
  m_SortingBucketNormalizedSize: 0
  m_AdditionalShaderChannelsFlag: 25
  m_SortingLayerID: 0
  m_SortingOrder: 0
  m_TargetDisplay: 0
--- !u!114 &7408748748049281567
MonoBehaviour:
  m_ObjectHideFlags: 0
  m_CorrespondingSourceObject: {fileID: 0}
  m_PrefabInstance: {fileID: 0}
  m_PrefabAsset: {fileID: 0}
  m_GameObject: {fileID: 8875463720135651118}
  m_Enabled: 1
  m_EditorHideFlags: 0
  m_Script: {fileID: 11500000, guid: 0cd44c1031e13a943bb63640046fad76, type: 3}
  m_Name: 
  m_EditorClassIdentifier: 
  m_UiScaleMode: 0
  m_ReferencePixelsPerUnit: 100
  m_ScaleFactor: 1
  m_ReferenceResolution: {x: 800, y: 600}
  m_ScreenMatchMode: 0
  m_MatchWidthOrHeight: 0
  m_PhysicalUnit: 3
  m_FallbackScreenDPI: 96
  m_DefaultSpriteDPI: 96
  m_DynamicPixelsPerUnit: 1
  m_PresetInfoIsWorld: 1
--- !u!114 &8389838877206367918
MonoBehaviour:
  m_ObjectHideFlags: 0
  m_CorrespondingSourceObject: {fileID: 0}
  m_PrefabInstance: {fileID: 0}
  m_PrefabAsset: {fileID: 0}
  m_GameObject: {fileID: 8875463720135651118}
  m_Enabled: 1
  m_EditorHideFlags: 0
  m_Script: {fileID: 11500000, guid: dc42784cf147c0c48a680349fa168899, type: 3}
  m_Name: 
  m_EditorClassIdentifier: 
  m_IgnoreReversedGraphics: 1
  m_BlockingObjects: 0
  m_BlockingMask:
    serializedVersion: 2
    m_Bits: 4294967295
--- !u!1001 &404088660635716290
PrefabInstance:
  m_ObjectHideFlags: 0
  serializedVersion: 2
  m_Modification:
    m_TransformParent: {fileID: 5049305924732094288}
    m_Modifications:
    - target: {fileID: 5907386337139177383, guid: 67481f73ffb825b4ab20b71264c71804, type: 3}
      propertyPath: m_Name
      value: CanvasUpgradeButton
      objectReference: {fileID: 0}
    - target: {fileID: 5907386337139177383, guid: 67481f73ffb825b4ab20b71264c71804, type: 3}
      propertyPath: m_IsActive
      value: 1
      objectReference: {fileID: 0}
    - target: {fileID: 5907386337139177385, guid: 67481f73ffb825b4ab20b71264c71804, type: 3}
      propertyPath: m_PresetInfoIsWorld
      value: 1
      objectReference: {fileID: 0}
    - target: {fileID: 5907386337139177387, guid: 67481f73ffb825b4ab20b71264c71804, type: 3}
      propertyPath: m_Pivot.x
      value: 0.5
      objectReference: {fileID: 0}
    - target: {fileID: 5907386337139177387, guid: 67481f73ffb825b4ab20b71264c71804, type: 3}
      propertyPath: m_Pivot.y
      value: 0.5
      objectReference: {fileID: 0}
    - target: {fileID: 5907386337139177387, guid: 67481f73ffb825b4ab20b71264c71804, type: 3}
      propertyPath: m_RootOrder
      value: 0
      objectReference: {fileID: 0}
    - target: {fileID: 5907386337139177387, guid: 67481f73ffb825b4ab20b71264c71804, type: 3}
      propertyPath: m_AnchorMax.x
      value: 0
      objectReference: {fileID: 0}
    - target: {fileID: 5907386337139177387, guid: 67481f73ffb825b4ab20b71264c71804, type: 3}
      propertyPath: m_AnchorMax.y
      value: 0
      objectReference: {fileID: 0}
    - target: {fileID: 5907386337139177387, guid: 67481f73ffb825b4ab20b71264c71804, type: 3}
      propertyPath: m_AnchorMin.x
      value: 0
      objectReference: {fileID: 0}
    - target: {fileID: 5907386337139177387, guid: 67481f73ffb825b4ab20b71264c71804, type: 3}
      propertyPath: m_AnchorMin.y
      value: 0
      objectReference: {fileID: 0}
    - target: {fileID: 5907386337139177387, guid: 67481f73ffb825b4ab20b71264c71804, type: 3}
      propertyPath: m_SizeDelta.x
      value: 10.8
      objectReference: {fileID: 0}
    - target: {fileID: 5907386337139177387, guid: 67481f73ffb825b4ab20b71264c71804, type: 3}
      propertyPath: m_SizeDelta.y
      value: 19.2
      objectReference: {fileID: 0}
    - target: {fileID: 5907386337139177387, guid: 67481f73ffb825b4ab20b71264c71804, type: 3}
      propertyPath: m_LocalPosition.x
      value: 0
      objectReference: {fileID: 0}
    - target: {fileID: 5907386337139177387, guid: 67481f73ffb825b4ab20b71264c71804, type: 3}
      propertyPath: m_LocalPosition.y
      value: 0
      objectReference: {fileID: 0}
    - target: {fileID: 5907386337139177387, guid: 67481f73ffb825b4ab20b71264c71804, type: 3}
      propertyPath: m_LocalPosition.z
      value: -8.07
      objectReference: {fileID: 0}
    - target: {fileID: 5907386337139177387, guid: 67481f73ffb825b4ab20b71264c71804, type: 3}
      propertyPath: m_LocalRotation.w
      value: 0.8767268
      objectReference: {fileID: 0}
    - target: {fileID: 5907386337139177387, guid: 67481f73ffb825b4ab20b71264c71804, type: 3}
      propertyPath: m_LocalRotation.x
      value: 0.48098874
      objectReference: {fileID: 0}
    - target: {fileID: 5907386337139177387, guid: 67481f73ffb825b4ab20b71264c71804, type: 3}
      propertyPath: m_LocalRotation.y
      value: 0
      objectReference: {fileID: 0}
    - target: {fileID: 5907386337139177387, guid: 67481f73ffb825b4ab20b71264c71804, type: 3}
      propertyPath: m_LocalRotation.z
      value: 0
      objectReference: {fileID: 0}
    - target: {fileID: 5907386337139177387, guid: 67481f73ffb825b4ab20b71264c71804, type: 3}
      propertyPath: m_AnchoredPosition.x
      value: -6.54
      objectReference: {fileID: 0}
    - target: {fileID: 5907386337139177387, guid: 67481f73ffb825b4ab20b71264c71804, type: 3}
      propertyPath: m_AnchoredPosition.y
      value: 0
      objectReference: {fileID: 0}
    - target: {fileID: 5907386337139177387, guid: 67481f73ffb825b4ab20b71264c71804, type: 3}
      propertyPath: m_LocalEulerAnglesHint.x
      value: 57.5
      objectReference: {fileID: 0}
    - target: {fileID: 5907386337139177387, guid: 67481f73ffb825b4ab20b71264c71804, type: 3}
      propertyPath: m_LocalEulerAnglesHint.y
      value: 0
      objectReference: {fileID: 0}
    - target: {fileID: 5907386337139177387, guid: 67481f73ffb825b4ab20b71264c71804, type: 3}
      propertyPath: m_LocalEulerAnglesHint.z
      value: 0
      objectReference: {fileID: 0}
    - target: {fileID: 5907386337679304475, guid: 67481f73ffb825b4ab20b71264c71804, type: 3}
      propertyPath: m_IsActive
      value: 0
      objectReference: {fileID: 0}
    - target: {fileID: 5907386338159610288, guid: 67481f73ffb825b4ab20b71264c71804, type: 3}
      propertyPath: m_OnClick.m_PersistentCalls.m_Calls.Array.size
      value: 2
      objectReference: {fileID: 0}
    - target: {fileID: 5907386338159610288, guid: 67481f73ffb825b4ab20b71264c71804, type: 3}
      propertyPath: m_OnClick.m_PersistentCalls.m_Calls.Array.data[1].m_Mode
      value: 1
      objectReference: {fileID: 0}
    - target: {fileID: 5907386338159610288, guid: 67481f73ffb825b4ab20b71264c71804, type: 3}
      propertyPath: m_OnClick.m_PersistentCalls.m_Calls.Array.data[1].m_Target
      value: 
      objectReference: {fileID: 9215749544302156652, guid: 1f633dcc75cfbdb4290871884627723b, type: 3}
    - target: {fileID: 5907386338159610288, guid: 67481f73ffb825b4ab20b71264c71804, type: 3}
      propertyPath: m_OnClick.m_PersistentCalls.m_Calls.Array.data[1].m_CallState
      value: 2
      objectReference: {fileID: 0}
    - target: {fileID: 5907386338159610288, guid: 67481f73ffb825b4ab20b71264c71804, type: 3}
      propertyPath: m_OnClick.m_PersistentCalls.m_Calls.Array.data[1].m_MethodName
      value: PlaySoundUpLevel
      objectReference: {fileID: 0}
    - target: {fileID: 5907386338159610288, guid: 67481f73ffb825b4ab20b71264c71804, type: 3}
      propertyPath: m_OnClick.m_PersistentCalls.m_Calls.Array.data[1].m_TargetAssemblyTypeName
      value: EffectsAudioManager, Assembly-CSharp
      objectReference: {fileID: 0}
    - target: {fileID: 5907386338159610288, guid: 67481f73ffb825b4ab20b71264c71804, type: 3}
      propertyPath: m_OnClick.m_PersistentCalls.m_Calls.Array.data[1].m_Arguments.m_ObjectArgumentAssemblyTypeName
      value: UnityEngine.Object, UnityEngine
      objectReference: {fileID: 0}
    m_RemovedComponents: []
  m_SourcePrefab: {fileID: 100100000, guid: 67481f73ffb825b4ab20b71264c71804, type: 3}
--- !u!114 &6080102410144607711 stripped
MonoBehaviour:
  m_CorrespondingSourceObject: {fileID: 5907386337679304477, guid: 67481f73ffb825b4ab20b71264c71804, type: 3}
  m_PrefabInstance: {fileID: 404088660635716290}
  m_PrefabAsset: {fileID: 0}
  m_GameObject: {fileID: 0}
  m_Enabled: 1
  m_EditorHideFlags: 0
  m_Script: {fileID: 11500000, guid: 3e01a9d1bfe3d454f9d9a41aa6bccb0a, type: 3}
  m_Name: 
  m_EditorClassIdentifier: 
--- !u!224 &6080102410684579177 stripped
RectTransform:
  m_CorrespondingSourceObject: {fileID: 5907386337139177387, guid: 67481f73ffb825b4ab20b71264c71804, type: 3}
  m_PrefabInstance: {fileID: 404088660635716290}
  m_PrefabAsset: {fileID: 0}
--- !u!1001 &1850478194859595047
PrefabInstance:
  m_ObjectHideFlags: 0
  serializedVersion: 2
  m_Modification:
    m_TransformParent: {fileID: 5049305924732094288}
    m_Modifications:
    - target: {fileID: 2427126603453824589, guid: 7f7a49c5a2cc7bd4fb91fedcdf3be304, type: 3}
      propertyPath: m_LocalPosition.z
      value: -1
      objectReference: {fileID: 0}
    - target: {fileID: 4843512260543898750, guid: 7f7a49c5a2cc7bd4fb91fedcdf3be304, type: 3}
      propertyPath: m_Name
      value: WayPointsRight
      objectReference: {fileID: 0}
    - target: {fileID: 6488208080922271789, guid: 7f7a49c5a2cc7bd4fb91fedcdf3be304, type: 3}
      propertyPath: m_RootOrder
      value: 10
      objectReference: {fileID: 0}
    - target: {fileID: 6488208080922271789, guid: 7f7a49c5a2cc7bd4fb91fedcdf3be304, type: 3}
      propertyPath: m_LocalPosition.x
      value: 0
      objectReference: {fileID: 0}
    - target: {fileID: 6488208080922271789, guid: 7f7a49c5a2cc7bd4fb91fedcdf3be304, type: 3}
      propertyPath: m_LocalPosition.y
      value: 0
      objectReference: {fileID: 0}
    - target: {fileID: 6488208080922271789, guid: 7f7a49c5a2cc7bd4fb91fedcdf3be304, type: 3}
      propertyPath: m_LocalPosition.z
      value: 0
      objectReference: {fileID: 0}
    - target: {fileID: 6488208080922271789, guid: 7f7a49c5a2cc7bd4fb91fedcdf3be304, type: 3}
      propertyPath: m_LocalRotation.w
      value: 1
      objectReference: {fileID: 0}
    - target: {fileID: 6488208080922271789, guid: 7f7a49c5a2cc7bd4fb91fedcdf3be304, type: 3}
      propertyPath: m_LocalRotation.x
      value: -0
      objectReference: {fileID: 0}
    - target: {fileID: 6488208080922271789, guid: 7f7a49c5a2cc7bd4fb91fedcdf3be304, type: 3}
      propertyPath: m_LocalRotation.y
      value: -0
      objectReference: {fileID: 0}
    - target: {fileID: 6488208080922271789, guid: 7f7a49c5a2cc7bd4fb91fedcdf3be304, type: 3}
      propertyPath: m_LocalRotation.z
      value: -0
      objectReference: {fileID: 0}
    - target: {fileID: 6488208080922271789, guid: 7f7a49c5a2cc7bd4fb91fedcdf3be304, type: 3}
      propertyPath: m_LocalEulerAnglesHint.x
      value: 0
      objectReference: {fileID: 0}
    - target: {fileID: 6488208080922271789, guid: 7f7a49c5a2cc7bd4fb91fedcdf3be304, type: 3}
      propertyPath: m_LocalEulerAnglesHint.y
      value: 0
      objectReference: {fileID: 0}
    - target: {fileID: 6488208080922271789, guid: 7f7a49c5a2cc7bd4fb91fedcdf3be304, type: 3}
      propertyPath: m_LocalEulerAnglesHint.z
      value: 0
      objectReference: {fileID: 0}
    m_RemovedComponents: []
  m_SourcePrefab: {fileID: 100100000, guid: 7f7a49c5a2cc7bd4fb91fedcdf3be304, type: 3}
--- !u!114 &1306786633007487338 stripped
MonoBehaviour:
  m_CorrespondingSourceObject: {fileID: 832211116021353549, guid: 7f7a49c5a2cc7bd4fb91fedcdf3be304, type: 3}
  m_PrefabInstance: {fileID: 1850478194859595047}
  m_PrefabAsset: {fileID: 0}
  m_GameObject: {fileID: 0}
  m_Enabled: 1
  m_EditorHideFlags: 0
  m_Script: {fileID: 11500000, guid: 1580b9a6b3d34404bba1946e8334f4ce, type: 3}
  m_Name: 
  m_EditorClassIdentifier: 
--- !u!4 &4874168866802414858 stripped
Transform:
  m_CorrespondingSourceObject: {fileID: 6488208080922271789, guid: 7f7a49c5a2cc7bd4fb91fedcdf3be304, type: 3}
  m_PrefabInstance: {fileID: 1850478194859595047}
  m_PrefabAsset: {fileID: 0}
--- !u!1001 &2723659250728356997
PrefabInstance:
  m_ObjectHideFlags: 0
  serializedVersion: 2
  m_Modification:
    m_TransformParent: {fileID: 5049305924732094288}
    m_Modifications:
    - target: {fileID: 1833603245683351142, guid: de0bbec73b4af054893994e863a596b6, type: 3}
      propertyPath: m_PresetInfoIsWorld
      value: 1
      objectReference: {fileID: 0}
    - target: {fileID: 5528767632307313081, guid: de0bbec73b4af054893994e863a596b6, type: 3}
      propertyPath: m_IsActive
      value: 0
      objectReference: {fileID: 0}
    - target: {fileID: 5843079621203696149, guid: de0bbec73b4af054893994e863a596b6, type: 3}
      propertyPath: m_Pivot.x
      value: 0.5
      objectReference: {fileID: 0}
    - target: {fileID: 5843079621203696149, guid: de0bbec73b4af054893994e863a596b6, type: 3}
      propertyPath: m_Pivot.y
      value: 0.5
      objectReference: {fileID: 0}
    - target: {fileID: 5843079621203696149, guid: de0bbec73b4af054893994e863a596b6, type: 3}
      propertyPath: m_RootOrder
      value: 2
      objectReference: {fileID: 0}
    - target: {fileID: 5843079621203696149, guid: de0bbec73b4af054893994e863a596b6, type: 3}
      propertyPath: m_AnchorMax.x
      value: 0.5
      objectReference: {fileID: 0}
    - target: {fileID: 5843079621203696149, guid: de0bbec73b4af054893994e863a596b6, type: 3}
      propertyPath: m_AnchorMax.y
      value: 0.5
      objectReference: {fileID: 0}
    - target: {fileID: 5843079621203696149, guid: de0bbec73b4af054893994e863a596b6, type: 3}
      propertyPath: m_AnchorMin.x
      value: 0.5
      objectReference: {fileID: 0}
    - target: {fileID: 5843079621203696149, guid: de0bbec73b4af054893994e863a596b6, type: 3}
      propertyPath: m_AnchorMin.y
      value: 0.5
      objectReference: {fileID: 0}
    - target: {fileID: 5843079621203696149, guid: de0bbec73b4af054893994e863a596b6, type: 3}
      propertyPath: m_SizeDelta.x
      value: 100
      objectReference: {fileID: 0}
    - target: {fileID: 5843079621203696149, guid: de0bbec73b4af054893994e863a596b6, type: 3}
      propertyPath: m_SizeDelta.y
      value: 100
      objectReference: {fileID: 0}
    - target: {fileID: 5843079621203696149, guid: de0bbec73b4af054893994e863a596b6, type: 3}
      propertyPath: m_LocalScale.x
      value: 0.90000004
      objectReference: {fileID: 0}
    - target: {fileID: 5843079621203696149, guid: de0bbec73b4af054893994e863a596b6, type: 3}
      propertyPath: m_LocalPosition.x
      value: 0
      objectReference: {fileID: 0}
    - target: {fileID: 5843079621203696149, guid: de0bbec73b4af054893994e863a596b6, type: 3}
      propertyPath: m_LocalPosition.y
      value: 0
      objectReference: {fileID: 0}
    - target: {fileID: 5843079621203696149, guid: de0bbec73b4af054893994e863a596b6, type: 3}
      propertyPath: m_LocalPosition.z
      value: -0.6
      objectReference: {fileID: 0}
    - target: {fileID: 5843079621203696149, guid: de0bbec73b4af054893994e863a596b6, type: 3}
      propertyPath: m_LocalRotation.w
      value: 0.8767268
      objectReference: {fileID: 0}
    - target: {fileID: 5843079621203696149, guid: de0bbec73b4af054893994e863a596b6, type: 3}
      propertyPath: m_LocalRotation.x
      value: 0.48098874
      objectReference: {fileID: 0}
    - target: {fileID: 5843079621203696149, guid: de0bbec73b4af054893994e863a596b6, type: 3}
      propertyPath: m_LocalRotation.y
      value: -0
      objectReference: {fileID: 0}
    - target: {fileID: 5843079621203696149, guid: de0bbec73b4af054893994e863a596b6, type: 3}
      propertyPath: m_LocalRotation.z
      value: -0
      objectReference: {fileID: 0}
    - target: {fileID: 5843079621203696149, guid: de0bbec73b4af054893994e863a596b6, type: 3}
      propertyPath: m_AnchoredPosition.x
      value: 0.441
      objectReference: {fileID: 0}
    - target: {fileID: 5843079621203696149, guid: de0bbec73b4af054893994e863a596b6, type: 3}
      propertyPath: m_AnchoredPosition.y
      value: 3.95
      objectReference: {fileID: 0}
    - target: {fileID: 5843079621203696149, guid: de0bbec73b4af054893994e863a596b6, type: 3}
      propertyPath: m_LocalEulerAnglesHint.x
      value: 57.5
      objectReference: {fileID: 0}
    - target: {fileID: 5843079621203696149, guid: de0bbec73b4af054893994e863a596b6, type: 3}
      propertyPath: m_LocalEulerAnglesHint.y
      value: 0
      objectReference: {fileID: 0}
    - target: {fileID: 5843079621203696149, guid: de0bbec73b4af054893994e863a596b6, type: 3}
      propertyPath: m_LocalEulerAnglesHint.z
      value: 0
      objectReference: {fileID: 0}
    - target: {fileID: 6652338578325578120, guid: de0bbec73b4af054893994e863a596b6, type: 3}
      propertyPath: m_Name
      value: CircleAndText
      objectReference: {fileID: 0}
    - target: {fileID: 6652338578325578120, guid: de0bbec73b4af054893994e863a596b6, type: 3}
      propertyPath: m_IsActive
      value: 0
      objectReference: {fileID: 0}
    - target: {fileID: 6720744076956663044, guid: de0bbec73b4af054893994e863a596b6, type: 3}
      propertyPath: m_Color.a
      value: 0.5882353
      objectReference: {fileID: 0}
    m_RemovedComponents: []
  m_SourcePrefab: {fileID: 100100000, guid: de0bbec73b4af054893994e863a596b6, type: 3}
--- !u!224 &8420227572066244240 stripped
RectTransform:
  m_CorrespondingSourceObject: {fileID: 5843079621203696149, guid: de0bbec73b4af054893994e863a596b6, type: 3}
  m_PrefabInstance: {fileID: 2723659250728356997}
  m_PrefabAsset: {fileID: 0}
--- !u!1 &8763366164075638029 stripped
GameObject:
  m_CorrespondingSourceObject: {fileID: 6652338578325578120, guid: de0bbec73b4af054893994e863a596b6, type: 3}
  m_PrefabInstance: {fileID: 2723659250728356997}
  m_PrefabAsset: {fileID: 0}
--- !u!1001 &2801989610587515341
PrefabInstance:
  m_ObjectHideFlags: 0
  serializedVersion: 2
  m_Modification:
    m_TransformParent: {fileID: 5049305924732094288}
    m_Modifications:
    - target: {fileID: 1982887103116416545, guid: ce7502869ff43b54394ca344a10045b7, type: 3}
      propertyPath: m_Name
      value: Point Light
      objectReference: {fileID: 0}
    - target: {fileID: 6755335402253875744, guid: ce7502869ff43b54394ca344a10045b7, type: 3}
      propertyPath: m_RootOrder
      value: 12
      objectReference: {fileID: 0}
    - target: {fileID: 6755335402253875744, guid: ce7502869ff43b54394ca344a10045b7, type: 3}
      propertyPath: m_LocalPosition.x
      value: 1.67
      objectReference: {fileID: 0}
    - target: {fileID: 6755335402253875744, guid: ce7502869ff43b54394ca344a10045b7, type: 3}
      propertyPath: m_LocalPosition.y
      value: 0.76
      objectReference: {fileID: 0}
    - target: {fileID: 6755335402253875744, guid: ce7502869ff43b54394ca344a10045b7, type: 3}
      propertyPath: m_LocalPosition.z
      value: 0.51
      objectReference: {fileID: 0}
    - target: {fileID: 6755335402253875744, guid: ce7502869ff43b54394ca344a10045b7, type: 3}
      propertyPath: m_LocalRotation.w
      value: 1
      objectReference: {fileID: 0}
    - target: {fileID: 6755335402253875744, guid: ce7502869ff43b54394ca344a10045b7, type: 3}
      propertyPath: m_LocalRotation.x
      value: 0
      objectReference: {fileID: 0}
    - target: {fileID: 6755335402253875744, guid: ce7502869ff43b54394ca344a10045b7, type: 3}
      propertyPath: m_LocalRotation.y
      value: 0
      objectReference: {fileID: 0}
    - target: {fileID: 6755335402253875744, guid: ce7502869ff43b54394ca344a10045b7, type: 3}
      propertyPath: m_LocalRotation.z
      value: 0
      objectReference: {fileID: 0}
    - target: {fileID: 6755335402253875744, guid: ce7502869ff43b54394ca344a10045b7, type: 3}
      propertyPath: m_LocalEulerAnglesHint.x
      value: 0
      objectReference: {fileID: 0}
    - target: {fileID: 6755335402253875744, guid: ce7502869ff43b54394ca344a10045b7, type: 3}
      propertyPath: m_LocalEulerAnglesHint.y
      value: 0
      objectReference: {fileID: 0}
    - target: {fileID: 6755335402253875744, guid: ce7502869ff43b54394ca344a10045b7, type: 3}
      propertyPath: m_LocalEulerAnglesHint.z
      value: 0
      objectReference: {fileID: 0}
    - target: {fileID: 8664550541144613078, guid: ce7502869ff43b54394ca344a10045b7, type: 3}
      propertyPath: m_Intensity
      value: 4
      objectReference: {fileID: 0}
    m_RemovedComponents: []
  m_SourcePrefab: {fileID: 100100000, guid: ce7502869ff43b54394ca344a10045b7, type: 3}
--- !u!4 &8889383788984996845 stripped
Transform:
  m_CorrespondingSourceObject: {fileID: 6755335402253875744, guid: ce7502869ff43b54394ca344a10045b7, type: 3}
  m_PrefabInstance: {fileID: 2801989610587515341}
  m_PrefabAsset: {fileID: 0}
--- !u!1001 &3472293905365771282
PrefabInstance:
  m_ObjectHideFlags: 0
  serializedVersion: 2
  m_Modification:
    m_TransformParent: {fileID: 5049305924732094288}
    m_Modifications:
    - target: {fileID: 205826702177177645, guid: e669c394329ee4b478657f236c077a27, type: 3}
      propertyPath: _starting
      value: 
      objectReference: {fileID: 1306786633007487338}
    - target: {fileID: 4415422412484593152, guid: e669c394329ee4b478657f236c077a27, type: 3}
      propertyPath: m_RootOrder
      value: 11
      objectReference: {fileID: 0}
    - target: {fileID: 4415422412484593152, guid: e669c394329ee4b478657f236c077a27, type: 3}
      propertyPath: m_LocalPosition.x
      value: 0
      objectReference: {fileID: 0}
    - target: {fileID: 4415422412484593152, guid: e669c394329ee4b478657f236c077a27, type: 3}
      propertyPath: m_LocalPosition.y
      value: 1.75
      objectReference: {fileID: 0}
    - target: {fileID: 4415422412484593152, guid: e669c394329ee4b478657f236c077a27, type: 3}
      propertyPath: m_LocalPosition.z
      value: 0
      objectReference: {fileID: 0}
    - target: {fileID: 4415422412484593152, guid: e669c394329ee4b478657f236c077a27, type: 3}
      propertyPath: m_LocalRotation.w
      value: 1
      objectReference: {fileID: 0}
    - target: {fileID: 4415422412484593152, guid: e669c394329ee4b478657f236c077a27, type: 3}
      propertyPath: m_LocalRotation.x
      value: 0
      objectReference: {fileID: 0}
    - target: {fileID: 4415422412484593152, guid: e669c394329ee4b478657f236c077a27, type: 3}
      propertyPath: m_LocalRotation.y
      value: 0
      objectReference: {fileID: 0}
    - target: {fileID: 4415422412484593152, guid: e669c394329ee4b478657f236c077a27, type: 3}
      propertyPath: m_LocalRotation.z
      value: 0
      objectReference: {fileID: 0}
    - target: {fileID: 4415422412484593152, guid: e669c394329ee4b478657f236c077a27, type: 3}
      propertyPath: m_LocalEulerAnglesHint.x
      value: 0
      objectReference: {fileID: 0}
    - target: {fileID: 4415422412484593152, guid: e669c394329ee4b478657f236c077a27, type: 3}
      propertyPath: m_LocalEulerAnglesHint.y
      value: 0
      objectReference: {fileID: 0}
    - target: {fileID: 4415422412484593152, guid: e669c394329ee4b478657f236c077a27, type: 3}
      propertyPath: m_LocalEulerAnglesHint.z
      value: 0
      objectReference: {fileID: 0}
    - target: {fileID: 5345839822399233329, guid: e669c394329ee4b478657f236c077a27, type: 3}
      propertyPath: m_Name
      value: SleighSpawnRight
      objectReference: {fileID: 0}
    m_RemovedComponents: []
  m_SourcePrefab: {fileID: 100100000, guid: e669c394329ee4b478657f236c077a27, type: 3}
--- !u!4 &970151485178765842 stripped
Transform:
  m_CorrespondingSourceObject: {fileID: 4415422412484593152, guid: e669c394329ee4b478657f236c077a27, type: 3}
  m_PrefabInstance: {fileID: 3472293905365771282}
  m_PrefabAsset: {fileID: 0}
--- !u!114 &3620588646732300878 stripped
MonoBehaviour:
  m_CorrespondingSourceObject: {fileID: 148331651814794844, guid: e669c394329ee4b478657f236c077a27, type: 3}
  m_PrefabInstance: {fileID: 3472293905365771282}
  m_PrefabAsset: {fileID: 0}
  m_GameObject: {fileID: 0}
  m_Enabled: 1
  m_EditorHideFlags: 0
  m_Script: {fileID: 11500000, guid: f5f145f221b3406448ab4fe643dbe026, type: 3}
  m_Name: 
  m_EditorClassIdentifier: 
--- !u!1001 &3524215399848284156
PrefabInstance:
  m_ObjectHideFlags: 0
  serializedVersion: 2
  m_Modification:
    m_TransformParent: {fileID: 7695514671303591579}
    m_Modifications:
    - target: {fileID: 2170750413505666685, guid: 6cfad90dac22bae408473944f8b5fb35, type: 3}
      propertyPath: m_RootOrder
      value: 0
      objectReference: {fileID: 0}
    - target: {fileID: 2170750413505666685, guid: 6cfad90dac22bae408473944f8b5fb35, type: 3}
      propertyPath: m_LocalScale.x
      value: 2.98
      objectReference: {fileID: 0}
    - target: {fileID: 2170750413505666685, guid: 6cfad90dac22bae408473944f8b5fb35, type: 3}
      propertyPath: m_LocalScale.y
      value: 2.98
      objectReference: {fileID: 0}
    - target: {fileID: 2170750413505666685, guid: 6cfad90dac22bae408473944f8b5fb35, type: 3}
      propertyPath: m_LocalScale.z
      value: 2.98
      objectReference: {fileID: 0}
    - target: {fileID: 2170750413505666685, guid: 6cfad90dac22bae408473944f8b5fb35, type: 3}
      propertyPath: m_LocalPosition.x
      value: 2.42
      objectReference: {fileID: 0}
    - target: {fileID: 2170750413505666685, guid: 6cfad90dac22bae408473944f8b5fb35, type: 3}
      propertyPath: m_LocalPosition.y
      value: 1.57
      objectReference: {fileID: 0}
    - target: {fileID: 2170750413505666685, guid: 6cfad90dac22bae408473944f8b5fb35, type: 3}
      propertyPath: m_LocalPosition.z
      value: 0.81
      objectReference: {fileID: 0}
    - target: {fileID: 2170750413505666685, guid: 6cfad90dac22bae408473944f8b5fb35, type: 3}
      propertyPath: m_LocalRotation.w
      value: 1
      objectReference: {fileID: 0}
    - target: {fileID: 2170750413505666685, guid: 6cfad90dac22bae408473944f8b5fb35, type: 3}
      propertyPath: m_LocalRotation.x
      value: 0
      objectReference: {fileID: 0}
    - target: {fileID: 2170750413505666685, guid: 6cfad90dac22bae408473944f8b5fb35, type: 3}
      propertyPath: m_LocalRotation.y
      value: 0
      objectReference: {fileID: 0}
    - target: {fileID: 2170750413505666685, guid: 6cfad90dac22bae408473944f8b5fb35, type: 3}
      propertyPath: m_LocalRotation.z
      value: 0
      objectReference: {fileID: 0}
    - target: {fileID: 2170750413505666685, guid: 6cfad90dac22bae408473944f8b5fb35, type: 3}
      propertyPath: m_LocalEulerAnglesHint.x
      value: 0
      objectReference: {fileID: 0}
    - target: {fileID: 2170750413505666685, guid: 6cfad90dac22bae408473944f8b5fb35, type: 3}
      propertyPath: m_LocalEulerAnglesHint.y
      value: 0
      objectReference: {fileID: 0}
    - target: {fileID: 2170750413505666685, guid: 6cfad90dac22bae408473944f8b5fb35, type: 3}
      propertyPath: m_LocalEulerAnglesHint.z
      value: 0
      objectReference: {fileID: 0}
    - target: {fileID: 2170750413505666685, guid: 6cfad90dac22bae408473944f8b5fb35, type: 3}
      propertyPath: m_ConstrainProportionsScale
      value: 1
      objectReference: {fileID: 0}
    - target: {fileID: 3531159715886477927, guid: 6cfad90dac22bae408473944f8b5fb35, type: 3}
      propertyPath: m_Name
      value: Ripples
      objectReference: {fileID: 0}
    m_RemovedComponents: []
  m_SourcePrefab: {fileID: 100100000, guid: 6cfad90dac22bae408473944f8b5fb35, type: 3}
--- !u!4 &3371096895888986497 stripped
Transform:
  m_CorrespondingSourceObject: {fileID: 2170750413505666685, guid: 6cfad90dac22bae408473944f8b5fb35, type: 3}
  m_PrefabInstance: {fileID: 3524215399848284156}
  m_PrefabAsset: {fileID: 0}
--- !u!1001 &4394841641791885241
PrefabInstance:
  m_ObjectHideFlags: 0
  serializedVersion: 2
  m_Modification:
    m_TransformParent: {fileID: 955074807199559520}
    m_Modifications:
    - target: {fileID: 2170750413505666685, guid: 6cfad90dac22bae408473944f8b5fb35, type: 3}
      propertyPath: m_RootOrder
      value: 0
      objectReference: {fileID: 0}
    - target: {fileID: 2170750413505666685, guid: 6cfad90dac22bae408473944f8b5fb35, type: 3}
      propertyPath: m_LocalPosition.x
      value: 0
      objectReference: {fileID: 0}
    - target: {fileID: 2170750413505666685, guid: 6cfad90dac22bae408473944f8b5fb35, type: 3}
      propertyPath: m_LocalPosition.y
      value: 0
      objectReference: {fileID: 0}
    - target: {fileID: 2170750413505666685, guid: 6cfad90dac22bae408473944f8b5fb35, type: 3}
      propertyPath: m_LocalPosition.z
      value: 0
      objectReference: {fileID: 0}
    - target: {fileID: 2170750413505666685, guid: 6cfad90dac22bae408473944f8b5fb35, type: 3}
      propertyPath: m_LocalRotation.w
      value: 1
      objectReference: {fileID: 0}
    - target: {fileID: 2170750413505666685, guid: 6cfad90dac22bae408473944f8b5fb35, type: 3}
      propertyPath: m_LocalRotation.x
      value: 0
      objectReference: {fileID: 0}
    - target: {fileID: 2170750413505666685, guid: 6cfad90dac22bae408473944f8b5fb35, type: 3}
      propertyPath: m_LocalRotation.y
      value: 0
      objectReference: {fileID: 0}
    - target: {fileID: 2170750413505666685, guid: 6cfad90dac22bae408473944f8b5fb35, type: 3}
      propertyPath: m_LocalRotation.z
      value: 0
      objectReference: {fileID: 0}
    - target: {fileID: 2170750413505666685, guid: 6cfad90dac22bae408473944f8b5fb35, type: 3}
      propertyPath: m_LocalEulerAnglesHint.x
      value: 0
      objectReference: {fileID: 0}
    - target: {fileID: 2170750413505666685, guid: 6cfad90dac22bae408473944f8b5fb35, type: 3}
      propertyPath: m_LocalEulerAnglesHint.y
      value: 0
      objectReference: {fileID: 0}
    - target: {fileID: 2170750413505666685, guid: 6cfad90dac22bae408473944f8b5fb35, type: 3}
      propertyPath: m_LocalEulerAnglesHint.z
      value: 0
      objectReference: {fileID: 0}
    - target: {fileID: 3531159715886477927, guid: 6cfad90dac22bae408473944f8b5fb35, type: 3}
      propertyPath: m_Name
      value: Ripples
      objectReference: {fileID: 0}
    m_RemovedComponents: []
  m_SourcePrefab: {fileID: 100100000, guid: 6cfad90dac22bae408473944f8b5fb35, type: 3}
--- !u!4 &2512323389265285572 stripped
Transform:
  m_CorrespondingSourceObject: {fileID: 2170750413505666685, guid: 6cfad90dac22bae408473944f8b5fb35, type: 3}
  m_PrefabInstance: {fileID: 4394841641791885241}
  m_PrefabAsset: {fileID: 0}
--- !u!198 &8743139142682073323 stripped
ParticleSystem:
  m_CorrespondingSourceObject: {fileID: 5019336044998907730, guid: 6cfad90dac22bae408473944f8b5fb35, type: 3}
  m_PrefabInstance: {fileID: 4394841641791885241}
  m_PrefabAsset: {fileID: 0}
--- !u!1001 &4723102227869838891
PrefabInstance:
  m_ObjectHideFlags: 0
  serializedVersion: 2
  m_Modification:
    m_TransformParent: {fileID: 5049305924732094288}
    m_Modifications:
    - target: {fileID: 1982887103116416545, guid: ce7502869ff43b54394ca344a10045b7, type: 3}
      propertyPath: m_Name
      value: Point Light (1)
      objectReference: {fileID: 0}
    - target: {fileID: 6755335402253875744, guid: ce7502869ff43b54394ca344a10045b7, type: 3}
      propertyPath: m_RootOrder
      value: 13
      objectReference: {fileID: 0}
    - target: {fileID: 6755335402253875744, guid: ce7502869ff43b54394ca344a10045b7, type: 3}
      propertyPath: m_LocalPosition.x
      value: 1.509
      objectReference: {fileID: 0}
    - target: {fileID: 6755335402253875744, guid: ce7502869ff43b54394ca344a10045b7, type: 3}
      propertyPath: m_LocalPosition.y
      value: 0.76
      objectReference: {fileID: 0}
    - target: {fileID: 6755335402253875744, guid: ce7502869ff43b54394ca344a10045b7, type: 3}
      propertyPath: m_LocalPosition.z
      value: 1.917
      objectReference: {fileID: 0}
    - target: {fileID: 6755335402253875744, guid: ce7502869ff43b54394ca344a10045b7, type: 3}
      propertyPath: m_LocalRotation.w
      value: 1
      objectReference: {fileID: 0}
    - target: {fileID: 6755335402253875744, guid: ce7502869ff43b54394ca344a10045b7, type: 3}
      propertyPath: m_LocalRotation.x
      value: 0
      objectReference: {fileID: 0}
    - target: {fileID: 6755335402253875744, guid: ce7502869ff43b54394ca344a10045b7, type: 3}
      propertyPath: m_LocalRotation.y
      value: 0
      objectReference: {fileID: 0}
    - target: {fileID: 6755335402253875744, guid: ce7502869ff43b54394ca344a10045b7, type: 3}
      propertyPath: m_LocalRotation.z
      value: 0
      objectReference: {fileID: 0}
    - target: {fileID: 6755335402253875744, guid: ce7502869ff43b54394ca344a10045b7, type: 3}
      propertyPath: m_LocalEulerAnglesHint.x
      value: 0
      objectReference: {fileID: 0}
    - target: {fileID: 6755335402253875744, guid: ce7502869ff43b54394ca344a10045b7, type: 3}
      propertyPath: m_LocalEulerAnglesHint.y
      value: 0
      objectReference: {fileID: 0}
    - target: {fileID: 6755335402253875744, guid: ce7502869ff43b54394ca344a10045b7, type: 3}
      propertyPath: m_LocalEulerAnglesHint.z
      value: 0
      objectReference: {fileID: 0}
    - target: {fileID: 8664550541144613078, guid: ce7502869ff43b54394ca344a10045b7, type: 3}
      propertyPath: m_Intensity
      value: 4
      objectReference: {fileID: 0}
    m_RemovedComponents: []
  m_SourcePrefab: {fileID: 100100000, guid: ce7502869ff43b54394ca344a10045b7, type: 3}
--- !u!4 &2032268788321211403 stripped
Transform:
  m_CorrespondingSourceObject: {fileID: 6755335402253875744, guid: ce7502869ff43b54394ca344a10045b7, type: 3}
  m_PrefabInstance: {fileID: 4723102227869838891}
  m_PrefabAsset: {fileID: 0}
--- !u!1001 &5569926560618906481
PrefabInstance:
  m_ObjectHideFlags: 0
  serializedVersion: 2
  m_Modification:
    m_TransformParent: {fileID: 5049305924732094288}
    m_Modifications:
    - target: {fileID: 3194964268075375281, guid: 6672b7569559bce4a9a1a30e734bb07a, type: 3}
      propertyPath: m_Name
      value: MineSide3DModel
      objectReference: {fileID: 0}
    - target: {fileID: 3746706177467922436, guid: 6672b7569559bce4a9a1a30e734bb07a, type: 3}
      propertyPath: m_IsActive
      value: 0
      objectReference: {fileID: 0}
    - target: {fileID: 5311623864165160615, guid: 6672b7569559bce4a9a1a30e734bb07a, type: 3}
      propertyPath: m_IsActive
      value: 0
      objectReference: {fileID: 0}
    - target: {fileID: 6980320001282846838, guid: 6672b7569559bce4a9a1a30e734bb07a, type: 3}
      propertyPath: m_RootOrder
      value: 5
      objectReference: {fileID: 0}
    - target: {fileID: 6980320001282846838, guid: 6672b7569559bce4a9a1a30e734bb07a, type: 3}
      propertyPath: m_LocalScale.x
      value: 0.9
      objectReference: {fileID: 0}
    - target: {fileID: 6980320001282846838, guid: 6672b7569559bce4a9a1a30e734bb07a, type: 3}
      propertyPath: m_LocalScale.y
      value: 0.9
      objectReference: {fileID: 0}
    - target: {fileID: 6980320001282846838, guid: 6672b7569559bce4a9a1a30e734bb07a, type: 3}
      propertyPath: m_LocalScale.z
      value: 0.9
      objectReference: {fileID: 0}
    - target: {fileID: 6980320001282846838, guid: 6672b7569559bce4a9a1a30e734bb07a, type: 3}
      propertyPath: m_LocalPosition.x
      value: 0.82
      objectReference: {fileID: 0}
    - target: {fileID: 6980320001282846838, guid: 6672b7569559bce4a9a1a30e734bb07a, type: 3}
      propertyPath: m_LocalPosition.y
      value: 1.5
      objectReference: {fileID: 0}
    - target: {fileID: 6980320001282846838, guid: 6672b7569559bce4a9a1a30e734bb07a, type: 3}
      propertyPath: m_LocalPosition.z
      value: 0.52
      objectReference: {fileID: 0}
    - target: {fileID: 6980320001282846838, guid: 6672b7569559bce4a9a1a30e734bb07a, type: 3}
      propertyPath: m_LocalRotation.w
      value: 1
      objectReference: {fileID: 0}
    - target: {fileID: 6980320001282846838, guid: 6672b7569559bce4a9a1a30e734bb07a, type: 3}
      propertyPath: m_LocalRotation.x
      value: 0
      objectReference: {fileID: 0}
    - target: {fileID: 6980320001282846838, guid: 6672b7569559bce4a9a1a30e734bb07a, type: 3}
      propertyPath: m_LocalRotation.y
      value: 0
      objectReference: {fileID: 0}
    - target: {fileID: 6980320001282846838, guid: 6672b7569559bce4a9a1a30e734bb07a, type: 3}
      propertyPath: m_LocalRotation.z
      value: 0
      objectReference: {fileID: 0}
    - target: {fileID: 6980320001282846838, guid: 6672b7569559bce4a9a1a30e734bb07a, type: 3}
      propertyPath: m_LocalEulerAnglesHint.x
      value: 0
      objectReference: {fileID: 0}
    - target: {fileID: 6980320001282846838, guid: 6672b7569559bce4a9a1a30e734bb07a, type: 3}
      propertyPath: m_LocalEulerAnglesHint.y
      value: 0
      objectReference: {fileID: 0}
    - target: {fileID: 6980320001282846838, guid: 6672b7569559bce4a9a1a30e734bb07a, type: 3}
      propertyPath: m_LocalEulerAnglesHint.z
      value: 0
      objectReference: {fileID: 0}
    m_RemovedComponents: []
  m_SourcePrefab: {fileID: 100100000, guid: 6672b7569559bce4a9a1a30e734bb07a, type: 3}
--- !u!4 &1703754548543598431 stripped
Transform:
  m_CorrespondingSourceObject: {fileID: 6550671536088525870, guid: 6672b7569559bce4a9a1a30e734bb07a, type: 3}
  m_PrefabInstance: {fileID: 5569926560618906481}
  m_PrefabAsset: {fileID: 0}
--- !u!4 &3284055126833148679 stripped
Transform:
  m_CorrespondingSourceObject: {fileID: 6980320001282846838, guid: 6672b7569559bce4a9a1a30e734bb07a, type: 3}
  m_PrefabInstance: {fileID: 5569926560618906481}
  m_PrefabAsset: {fileID: 0}
--- !u!1 &9129539546349353845 stripped
GameObject:
  m_CorrespondingSourceObject: {fileID: 3746706177467922436, guid: 6672b7569559bce4a9a1a30e734bb07a, type: 3}
  m_PrefabInstance: {fileID: 5569926560618906481}
  m_PrefabAsset: {fileID: 0}
--- !u!1001 &5952079605745067975
PrefabInstance:
  m_ObjectHideFlags: 0
  serializedVersion: 2
  m_Modification:
    m_TransformParent: {fileID: 5049305924732094288}
    m_Modifications:
    - target: {fileID: 1461474627002369437, guid: 3cb32506c94df454f83546434583445e, type: 3}
      propertyPath: m_Pivot.x
      value: 0.5
      objectReference: {fileID: 0}
    - target: {fileID: 1461474627002369437, guid: 3cb32506c94df454f83546434583445e, type: 3}
      propertyPath: m_Pivot.y
      value: 0.5
      objectReference: {fileID: 0}
    - target: {fileID: 1461474627002369437, guid: 3cb32506c94df454f83546434583445e, type: 3}
      propertyPath: m_RootOrder
      value: 3
      objectReference: {fileID: 0}
    - target: {fileID: 1461474627002369437, guid: 3cb32506c94df454f83546434583445e, type: 3}
      propertyPath: m_AnchorMax.x
      value: 0
      objectReference: {fileID: 0}
    - target: {fileID: 1461474627002369437, guid: 3cb32506c94df454f83546434583445e, type: 3}
      propertyPath: m_AnchorMax.y
      value: 0
      objectReference: {fileID: 0}
    - target: {fileID: 1461474627002369437, guid: 3cb32506c94df454f83546434583445e, type: 3}
      propertyPath: m_AnchorMin.x
      value: 0
      objectReference: {fileID: 0}
    - target: {fileID: 1461474627002369437, guid: 3cb32506c94df454f83546434583445e, type: 3}
      propertyPath: m_AnchorMin.y
      value: 0
      objectReference: {fileID: 0}
    - target: {fileID: 1461474627002369437, guid: 3cb32506c94df454f83546434583445e, type: 3}
      propertyPath: m_SizeDelta.x
      value: 150
      objectReference: {fileID: 0}
    - target: {fileID: 1461474627002369437, guid: 3cb32506c94df454f83546434583445e, type: 3}
      propertyPath: m_SizeDelta.y
      value: 30
      objectReference: {fileID: 0}
    - target: {fileID: 1461474627002369437, guid: 3cb32506c94df454f83546434583445e, type: 3}
      propertyPath: m_LocalPosition.x
      value: 0
      objectReference: {fileID: 0}
    - target: {fileID: 1461474627002369437, guid: 3cb32506c94df454f83546434583445e, type: 3}
      propertyPath: m_LocalPosition.y
      value: 0
      objectReference: {fileID: 0}
    - target: {fileID: 1461474627002369437, guid: 3cb32506c94df454f83546434583445e, type: 3}
      propertyPath: m_LocalPosition.z
      value: 1.28
      objectReference: {fileID: 0}
    - target: {fileID: 1461474627002369437, guid: 3cb32506c94df454f83546434583445e, type: 3}
      propertyPath: m_LocalRotation.w
      value: 0.8767268
      objectReference: {fileID: 0}
    - target: {fileID: 1461474627002369437, guid: 3cb32506c94df454f83546434583445e, type: 3}
      propertyPath: m_LocalRotation.x
      value: 0.48098874
      objectReference: {fileID: 0}
    - target: {fileID: 1461474627002369437, guid: 3cb32506c94df454f83546434583445e, type: 3}
      propertyPath: m_LocalRotation.y
      value: 0
      objectReference: {fileID: 0}
    - target: {fileID: 1461474627002369437, guid: 3cb32506c94df454f83546434583445e, type: 3}
      propertyPath: m_LocalRotation.z
      value: 0
      objectReference: {fileID: 0}
    - target: {fileID: 1461474627002369437, guid: 3cb32506c94df454f83546434583445e, type: 3}
      propertyPath: m_AnchoredPosition.x
      value: 0.393
      objectReference: {fileID: 0}
    - target: {fileID: 1461474627002369437, guid: 3cb32506c94df454f83546434583445e, type: 3}
      propertyPath: m_AnchoredPosition.y
      value: 1.66
      objectReference: {fileID: 0}
    - target: {fileID: 1461474627002369437, guid: 3cb32506c94df454f83546434583445e, type: 3}
      propertyPath: m_LocalEulerAnglesHint.x
      value: 57.5
      objectReference: {fileID: 0}
    - target: {fileID: 1461474627002369437, guid: 3cb32506c94df454f83546434583445e, type: 3}
      propertyPath: m_LocalEulerAnglesHint.y
      value: 0
      objectReference: {fileID: 0}
    - target: {fileID: 1461474627002369437, guid: 3cb32506c94df454f83546434583445e, type: 3}
      propertyPath: m_LocalEulerAnglesHint.z
      value: 0
      objectReference: {fileID: 0}
    - target: {fileID: 7426027745168983566, guid: 3cb32506c94df454f83546434583445e, type: 3}
      propertyPath: m_Name
      value: TextWithBackground
      objectReference: {fileID: 0}
    - target: {fileID: 7426027745168983566, guid: 3cb32506c94df454f83546434583445e, type: 3}
      propertyPath: m_IsActive
      value: 0
      objectReference: {fileID: 0}
    m_RemovedComponents: []
  m_SourcePrefab: {fileID: 100100000, guid: 3cb32506c94df454f83546434583445e, type: 3}
--- !u!114 &2845444613560140627 stripped
MonoBehaviour:
  m_CorrespondingSourceObject: {fileID: 8495763695065179284, guid: 3cb32506c94df454f83546434583445e, type: 3}
  m_PrefabInstance: {fileID: 5952079605745067975}
  m_PrefabAsset: {fileID: 0}
  m_GameObject: {fileID: 0}
  m_Enabled: 1
  m_EditorHideFlags: 0
  m_Script: {fileID: 11500000, guid: f4688fdb7df04437aeb418b961361dc5, type: 3}
  m_Name: 
  m_EditorClassIdentifier: 
--- !u!1 &3860856182884671945 stripped
GameObject:
  m_CorrespondingSourceObject: {fileID: 7426027745168983566, guid: 3cb32506c94df454f83546434583445e, type: 3}
  m_PrefabInstance: {fileID: 5952079605745067975}
  m_PrefabAsset: {fileID: 0}
--- !u!224 &5103206970868965978 stripped
RectTransform:
  m_CorrespondingSourceObject: {fileID: 1461474627002369437, guid: 3cb32506c94df454f83546434583445e, type: 3}
  m_PrefabInstance: {fileID: 5952079605745067975}
  m_PrefabAsset: {fileID: 0}
--- !u!1001 &9007312389292686190
PrefabInstance:
  m_ObjectHideFlags: 0
  serializedVersion: 2
  m_Modification:
    m_TransformParent: {fileID: 5049305924732094288}
    m_Modifications:
    - target: {fileID: 422961955802328984, guid: 47d9e99a1389a584e8516706727da39d, type: 3}
      propertyPath: _destroyableObject
      value: 
      objectReference: {fileID: 5501448652978787640}
    - target: {fileID: 3556001490367278678, guid: 47d9e99a1389a584e8516706727da39d, type: 3}
      propertyPath: Type
      value: 6
      objectReference: {fileID: 0}
    - target: {fileID: 3556001490367278678, guid: 47d9e99a1389a584e8516706727da39d, type: 3}
      propertyPath: _targetForGoblins
      value: 
      objectReference: {fileID: 2984442706191052546}
    - target: {fileID: 3556001490367278678, guid: 47d9e99a1389a584e8516706727da39d, type: 3}
      propertyPath: _listGOForDestroy.Array.size
      value: 3
      objectReference: {fileID: 0}
    - target: {fileID: 3556001490367278678, guid: 47d9e99a1389a584e8516706727da39d, type: 3}
      propertyPath: _listGOForDestroy.Array.data[0]
      value: 
      objectReference: {fileID: 4844184522679114666}
    - target: {fileID: 3556001490367278678, guid: 47d9e99a1389a584e8516706727da39d, type: 3}
      propertyPath: _listGOForDestroy.Array.data[1]
      value: 
      objectReference: {fileID: 2984442706191052546}
    - target: {fileID: 3556001490367278678, guid: 47d9e99a1389a584e8516706727da39d, type: 3}
      propertyPath: _listGOForDestroy.Array.data[2]
      value: 
      objectReference: {fileID: 0}
    - target: {fileID: 3835818517272651822, guid: 47d9e99a1389a584e8516706727da39d, type: 3}
      propertyPath: m_RootOrder
      value: 1
      objectReference: {fileID: 0}
    - target: {fileID: 3835818517272651822, guid: 47d9e99a1389a584e8516706727da39d, type: 3}
      propertyPath: m_LocalPosition.x
      value: 0.667
      objectReference: {fileID: 0}
    - target: {fileID: 3835818517272651822, guid: 47d9e99a1389a584e8516706727da39d, type: 3}
      propertyPath: m_LocalPosition.y
      value: 0.3
      objectReference: {fileID: 0}
    - target: {fileID: 3835818517272651822, guid: 47d9e99a1389a584e8516706727da39d, type: 3}
      propertyPath: m_LocalPosition.z
      value: 0.161
      objectReference: {fileID: 0}
    - target: {fileID: 3835818517272651822, guid: 47d9e99a1389a584e8516706727da39d, type: 3}
      propertyPath: m_LocalRotation.w
      value: 1
      objectReference: {fileID: 0}
    - target: {fileID: 3835818517272651822, guid: 47d9e99a1389a584e8516706727da39d, type: 3}
      propertyPath: m_LocalRotation.x
      value: 0
      objectReference: {fileID: 0}
    - target: {fileID: 3835818517272651822, guid: 47d9e99a1389a584e8516706727da39d, type: 3}
      propertyPath: m_LocalRotation.y
      value: 0
      objectReference: {fileID: 0}
    - target: {fileID: 3835818517272651822, guid: 47d9e99a1389a584e8516706727da39d, type: 3}
      propertyPath: m_LocalRotation.z
      value: 0
      objectReference: {fileID: 0}
    - target: {fileID: 3835818517272651822, guid: 47d9e99a1389a584e8516706727da39d, type: 3}
      propertyPath: m_LocalEulerAnglesHint.x
      value: 0
      objectReference: {fileID: 0}
    - target: {fileID: 3835818517272651822, guid: 47d9e99a1389a584e8516706727da39d, type: 3}
      propertyPath: m_LocalEulerAnglesHint.y
      value: 0
      objectReference: {fileID: 0}
    - target: {fileID: 3835818517272651822, guid: 47d9e99a1389a584e8516706727da39d, type: 3}
      propertyPath: m_LocalEulerAnglesHint.z
      value: 0
      objectReference: {fileID: 0}
    - target: {fileID: 4484009411072237764, guid: 47d9e99a1389a584e8516706727da39d, type: 3}
      propertyPath: m_Name
      value: DestroyableObject
      objectReference: {fileID: 0}
    m_RemovedComponents:
    - {fileID: 422961955802328984, guid: 47d9e99a1389a584e8516706727da39d, type: 3}
  m_SourcePrefab: {fileID: 100100000, guid: 47d9e99a1389a584e8516706727da39d, type: 3}
--- !u!1 &4844184522679114666 stripped
GameObject:
  m_CorrespondingSourceObject: {fileID: 4484009411072237764, guid: 47d9e99a1389a584e8516706727da39d, type: 3}
  m_PrefabInstance: {fileID: 9007312389292686190}
  m_PrefabAsset: {fileID: 0}
--- !u!4 &5205024804111192896 stripped
Transform:
  m_CorrespondingSourceObject: {fileID: 3835818517272651822, guid: 47d9e99a1389a584e8516706727da39d, type: 3}
  m_PrefabInstance: {fileID: 9007312389292686190}
  m_PrefabAsset: {fileID: 0}
--- !u!114 &5501448652978787640 stripped
MonoBehaviour:
  m_CorrespondingSourceObject: {fileID: 3556001490367278678, guid: 47d9e99a1389a584e8516706727da39d, type: 3}
  m_PrefabInstance: {fileID: 9007312389292686190}
  m_PrefabAsset: {fileID: 0}
  m_GameObject: {fileID: 4844184522679114666}
  m_Enabled: 1
  m_EditorHideFlags: 0
  m_Script: {fileID: 11500000, guid: 84ef0fb988ae1ef469d53037e1534098, type: 3}
  m_Name: 
  m_EditorClassIdentifier: 
