%YAML 1.1
%TAG !u! tag:unity3d.com,2011:
--- !u!1 &622432541609408771
GameObject:
  m_ObjectHideFlags: 0
  m_CorrespondingSourceObject: {fileID: 0}
  m_PrefabInstance: {fileID: 0}
  m_PrefabAsset: {fileID: 0}
  serializedVersion: 6
  m_Component:
  - component: {fileID: 3842642770463829532}
  m_Layer: 0
  m_Name: 3DModel
  m_TagString: Untagged
  m_Icon: {fileID: 0}
  m_NavMeshLayer: 0
  m_StaticEditorFlags: 0
  m_IsActive: 1
--- !u!4 &3842642770463829532
Transform:
  m_ObjectHideFlags: 0
  m_CorrespondingSourceObject: {fileID: 0}
  m_PrefabInstance: {fileID: 0}
  m_PrefabAsset: {fileID: 0}
  m_GameObject: {fileID: 622432541609408771}
  m_LocalRotation: {x: 0, y: 0, z: 0, w: 1}
  m_LocalPosition: {x: 0, y: 0, z: -0.5}
  m_LocalScale: {x: 100, y: 100, z: 100}
  m_ConstrainProportionsScale: 0
  m_Children:
  - {fileID: 3379899268992459426}
  m_Father: {fileID: 3519697788168844837}
  m_RootOrder: 0
  m_LocalEulerAnglesHint: {x: 0, y: 0, z: 0}
--- !u!1 &4292962688301558943
GameObject:
  m_ObjectHideFlags: 0
  m_CorrespondingSourceObject: {fileID: 0}
  m_PrefabInstance: {fileID: 0}
  m_PrefabAsset: {fileID: 0}
  serializedVersion: 6
  m_Component:
  - component: {fileID: 3519697788168844837}
  - component: {fileID: -298674550048753636}
  - component: {fileID: 8773755781600439786}
  - component: {fileID: -5737447177206566104}
  m_Layer: 0
  m_Name: block1x1v4
  m_TagString: Untagged
  m_Icon: {fileID: 0}
  m_NavMeshLayer: 0
  m_StaticEditorFlags: 0
  m_IsActive: 1
--- !u!4 &3519697788168844837
Transform:
  m_ObjectHideFlags: 0
  m_CorrespondingSourceObject: {fileID: 0}
  m_PrefabInstance: {fileID: 0}
  m_PrefabAsset: {fileID: 0}
  m_GameObject: {fileID: 4292962688301558943}
  m_LocalRotation: {x: 0, y: -0, z: -0, w: 1}
  m_LocalPosition: {x: 8, y: 0, z: 11}
  m_LocalScale: {x: 1, y: 1, z: 1}
  m_ConstrainProportionsScale: 0
  m_Children:
  - {fileID: 3842642770463829532}
  m_Father: {fileID: 0}
  m_RootOrder: 0
  m_LocalEulerAnglesHint: {x: 0, y: 0, z: 0}
--- !u!114 &-298674550048753636
MonoBehaviour:
  m_ObjectHideFlags: 0
  m_CorrespondingSourceObject: {fileID: 0}
  m_PrefabInstance: {fileID: 0}
  m_PrefabAsset: {fileID: 0}
  m_GameObject: {fileID: 4292962688301558943}
  m_Enabled: 1
  m_EditorHideFlags: 0
  m_Script: {fileID: 11500000, guid: 39de4349a0f882844b1da2c118c2ed47, type: 3}
  m_Name: 
  m_EditorClassIdentifier: 
--- !u!65 &8773755781600439786
BoxCollider:
  m_ObjectHideFlags: 0
  m_CorrespondingSourceObject: {fileID: 0}
  m_PrefabInstance: {fileID: 0}
  m_PrefabAsset: {fileID: 0}
  m_GameObject: {fileID: 4292962688301558943}
  m_Material: {fileID: 0}
  m_IsTrigger: 0
  m_Enabled: 1
  serializedVersion: 2
  m_Size: {x: 1, y: 0, z: 1}
  m_Center: {x: 0, y: 0, z: 0}
--- !u!114 &-5737447177206566104
MonoBehaviour:
  m_ObjectHideFlags: 0
  m_CorrespondingSourceObject: {fileID: 0}
  m_PrefabInstance: {fileID: 0}
  m_PrefabAsset: {fileID: 0}
  m_GameObject: {fileID: 4292962688301558943}
  m_Enabled: 1
  m_EditorHideFlags: 0
  m_Script: {fileID: 11500000, guid: fce378b1d84544748b9ed24280cdc86b, type: 3}
  m_Name: 
  m_EditorClassIdentifier: 
  _size: {x: 1, y: 1}
  _allowablePosition: []
--- !u!1001 &9158794376057738471
PrefabInstance:
  m_ObjectHideFlags: 0
  serializedVersion: 2
  m_Modification:
    m_TransformParent: {fileID: 3842642770463829532}
    m_Modifications:
    - target: {fileID: 5907951471938352706, guid: 4f0c6eacd5c960b4ba8df729ffe0640c, type: 3}
      propertyPath: m_Name
      value: Rock1
      objectReference: {fileID: 0}
    - target: {fileID: 5907951471938352706, guid: 4f0c6eacd5c960b4ba8df729ffe0640c, type: 3}
      propertyPath: m_IsActive
      value: 1
      objectReference: {fileID: 0}
    - target: {fileID: 5907951471938352707, guid: 4f0c6eacd5c960b4ba8df729ffe0640c, type: 3}
      propertyPath: m_Materials.Array.data[0]
      value: 
      objectReference: {fileID: 2100000, guid: fc9605bf26bbd7147924a76dfbf7b4c6, type: 2}
    - target: {fileID: 5907951471938352709, guid: 4f0c6eacd5c960b4ba8df729ffe0640c, type: 3}
      propertyPath: m_RootOrder
      value: 0
      objectReference: {fileID: 0}
    - target: {fileID: 5907951471938352709, guid: 4f0c6eacd5c960b4ba8df729ffe0640c, type: 3}
      propertyPath: m_LocalScale.x
      value: 0.007
      objectReference: {fileID: 0}
    - target: {fileID: 5907951471938352709, guid: 4f0c6eacd5c960b4ba8df729ffe0640c, type: 3}
      propertyPath: m_LocalScale.y
      value: 0.0084
      objectReference: {fileID: 0}
    - target: {fileID: 5907951471938352709, guid: 4f0c6eacd5c960b4ba8df729ffe0640c, type: 3}
      propertyPath: m_LocalScale.z
      value: 0.007
      objectReference: {fileID: 0}
    - target: {fileID: 5907951471938352709, guid: 4f0c6eacd5c960b4ba8df729ffe0640c, type: 3}
      propertyPath: m_LocalPosition.x
      value: -0.00045
      objectReference: {fileID: 0}
    - target: {fileID: 5907951471938352709, guid: 4f0c6eacd5c960b4ba8df729ffe0640c, type: 3}
      propertyPath: m_LocalPosition.y
      value: 0
      objectReference: {fileID: 0}
    - target: {fileID: 5907951471938352709, guid: 4f0c6eacd5c960b4ba8df729ffe0640c, type: 3}
      propertyPath: m_LocalPosition.z
      value: -0.00052
      objectReference: {fileID: 0}
    - target: {fileID: 5907951471938352709, guid: 4f0c6eacd5c960b4ba8df729ffe0640c, type: 3}
      propertyPath: m_LocalRotation.w
      value: 0.9944303
      objectReference: {fileID: 0}
    - target: {fileID: 5907951471938352709, guid: 4f0c6eacd5c960b4ba8df729ffe0640c, type: 3}
      propertyPath: m_LocalRotation.x
      value: 0
      objectReference: {fileID: 0}
    - target: {fileID: 5907951471938352709, guid: 4f0c6eacd5c960b4ba8df729ffe0640c, type: 3}
      propertyPath: m_LocalRotation.y
      value: 0.10539634
      objectReference: {fileID: 0}
    - target: {fileID: 5907951471938352709, guid: 4f0c6eacd5c960b4ba8df729ffe0640c, type: 3}
      propertyPath: m_LocalRotation.z
      value: 0
      objectReference: {fileID: 0}
    - target: {fileID: 5907951471938352709, guid: 4f0c6eacd5c960b4ba8df729ffe0640c, type: 3}
      propertyPath: m_LocalEulerAnglesHint.x
      value: 0
      objectReference: {fileID: 0}
    - target: {fileID: 5907951471938352709, guid: 4f0c6eacd5c960b4ba8df729ffe0640c, type: 3}
      propertyPath: m_LocalEulerAnglesHint.y
      value: 12.1
      objectReference: {fileID: 0}
    - target: {fileID: 5907951471938352709, guid: 4f0c6eacd5c960b4ba8df729ffe0640c, type: 3}
      propertyPath: m_LocalEulerAnglesHint.z
      value: 0
      objectReference: {fileID: 0}
    m_RemovedComponents: []
  m_SourcePrefab: {fileID: 100100000, guid: 4f0c6eacd5c960b4ba8df729ffe0640c, type: 3}
--- !u!4 &3379899268992459426 stripped
Transform:
  m_CorrespondingSourceObject: {fileID: 5907951471938352709, guid: 4f0c6eacd5c960b4ba8df729ffe0640c, type: 3}
  m_PrefabInstance: {fileID: 9158794376057738471}
  m_PrefabAsset: {fileID: 0}
