%YAML 1.1
%TAG !u! tag:unity3d.com,2011:
--- !u!1 &1248528678074978239
GameObject:
  m_ObjectHideFlags: 0
  m_CorrespondingSourceObject: {fileID: 0}
  m_PrefabInstance: {fileID: 0}
  m_PrefabAsset: {fileID: 0}
  serializedVersion: 6
  m_Component:
  - component: {fileID: 1248528678074978236}
  - component: {fileID: 1248528678074978237}
  - component: {fileID: 1248528678074978238}
  m_Layer: 0
  m_Name: Roadblock 1x2
  m_TagString: Untagged
  m_Icon: {fileID: 0}
  m_NavMeshLayer: 0
  m_StaticEditorFlags: 0
  m_IsActive: 1
--- !u!4 &1248528678074978236
Transform:
  m_ObjectHideFlags: 0
  m_CorrespondingSourceObject: {fileID: 0}
  m_PrefabInstance: {fileID: 0}
  m_PrefabAsset: {fileID: 0}
  m_GameObject: {fileID: 1248528678074978239}
  m_LocalRotation: {x: 0, y: 0, z: 0, w: 1}
  m_LocalPosition: {x: 4.4898276, y: 0.00042145216, z: -0.073}
  m_LocalScale: {x: 0.6, y: 0.6, z: 0.6}
  m_ConstrainProportionsScale: 0
  m_Children:
  - {fileID: 6577280016783890973}
  - {fileID: 6426251764567116385}
  m_Father: {fileID: 0}
  m_RootOrder: 0
  m_LocalEulerAnglesHint: {x: 0, y: 0, z: 0}
--- !u!33 &1248528678074978237
MeshFilter:
  m_ObjectHideFlags: 0
  m_CorrespondingSourceObject: {fileID: 0}
  m_PrefabInstance: {fileID: 0}
  m_PrefabAsset: {fileID: 0}
  m_GameObject: {fileID: 1248528678074978239}
  m_Mesh: {fileID: -5759287479989639593, guid: ad6fb94638b5e544da9436c6e79b5e7f, type: 3}
--- !u!23 &1248528678074978238
MeshRenderer:
  m_ObjectHideFlags: 0
  m_CorrespondingSourceObject: {fileID: 0}
  m_PrefabInstance: {fileID: 0}
  m_PrefabAsset: {fileID: 0}
  m_GameObject: {fileID: 1248528678074978239}
  m_Enabled: 1
  m_CastShadows: 1
  m_ReceiveShadows: 1
  m_DynamicOccludee: 1
  m_StaticShadowCaster: 0
  m_MotionVectors: 1
  m_LightProbeUsage: 1
  m_ReflectionProbeUsage: 1
  m_RayTracingMode: 2
  m_RayTraceProcedural: 0
  m_RenderingLayerMask: 1
  m_RendererPriority: 0
  m_Materials:
  - {fileID: 2100000, guid: 8a90eb2ce6a3e6f478e15f903b173325, type: 2}
  m_StaticBatchInfo:
    firstSubMesh: 0
    subMeshCount: 0
  m_StaticBatchRoot: {fileID: 0}
  m_ProbeAnchor: {fileID: 0}
  m_LightProbeVolumeOverride: {fileID: 0}
  m_ScaleInLightmap: 1
  m_ReceiveGI: 1
  m_PreserveUVs: 0
  m_IgnoreNormalsForChartDetection: 0
  m_ImportantGI: 0
  m_StitchLightmapSeams: 1
  m_SelectedEditorRenderState: 3
  m_MinimumChartSize: 4
  m_AutoUVMaxDistance: 0.5
  m_AutoUVMaxAngle: 89
  m_LightmapParameters: {fileID: 0}
  m_SortingLayerID: 0
  m_SortingLayer: 0
  m_SortingOrder: 0
  m_AdditionalVertexStreams: {fileID: 0}
--- !u!1001 &636101979271183396
PrefabInstance:
  m_ObjectHideFlags: 0
  serializedVersion: 2
  m_Modification:
    m_TransformParent: {fileID: 1248528678074978236}
    m_Modifications:
    - target: {fileID: 5907951471938352706, guid: 4f0c6eacd5c960b4ba8df729ffe0640c, type: 3}
      propertyPath: m_Name
      value: Rock1 (1)
      objectReference: {fileID: 0}
    - target: {fileID: 5907951471938352707, guid: 4f0c6eacd5c960b4ba8df729ffe0640c, type: 3}
      propertyPath: m_Materials.Array.data[0]
      value: 
      objectReference: {fileID: 2100000, guid: be37ea03323567842b306db73fc6dbe2, type: 2}
    - target: {fileID: 5907951471938352709, guid: 4f0c6eacd5c960b4ba8df729ffe0640c, type: 3}
      propertyPath: m_RootOrder
      value: 1
      objectReference: {fileID: 0}
    - target: {fileID: 5907951471938352709, guid: 4f0c6eacd5c960b4ba8df729ffe0640c, type: 3}
      propertyPath: m_LocalScale.x
      value: 1.3528906
      objectReference: {fileID: 0}
    - target: {fileID: 5907951471938352709, guid: 4f0c6eacd5c960b4ba8df729ffe0640c, type: 3}
      propertyPath: m_LocalScale.y
      value: 1.3528906
      objectReference: {fileID: 0}
    - target: {fileID: 5907951471938352709, guid: 4f0c6eacd5c960b4ba8df729ffe0640c, type: 3}
      propertyPath: m_LocalScale.z
      value: 1.3528906
      objectReference: {fileID: 0}
    - target: {fileID: 5907951471938352709, guid: 4f0c6eacd5c960b4ba8df729ffe0640c, type: 3}
      propertyPath: m_LocalPosition.x
      value: -0.18379
      objectReference: {fileID: 0}
    - target: {fileID: 5907951471938352709, guid: 4f0c6eacd5c960b4ba8df729ffe0640c, type: 3}
      propertyPath: m_LocalPosition.y
      value: 0
      objectReference: {fileID: 0}
    - target: {fileID: 5907951471938352709, guid: 4f0c6eacd5c960b4ba8df729ffe0640c, type: 3}
      propertyPath: m_LocalPosition.z
      value: 0.64
      objectReference: {fileID: 0}
    - target: {fileID: 5907951471938352709, guid: 4f0c6eacd5c960b4ba8df729ffe0640c, type: 3}
      propertyPath: m_LocalRotation.w
      value: 0.9727256
      objectReference: {fileID: 0}
    - target: {fileID: 5907951471938352709, guid: 4f0c6eacd5c960b4ba8df729ffe0640c, type: 3}
      propertyPath: m_LocalRotation.x
      value: -0
      objectReference: {fileID: 0}
    - target: {fileID: 5907951471938352709, guid: 4f0c6eacd5c960b4ba8df729ffe0640c, type: 3}
      propertyPath: m_LocalRotation.y
      value: 0.23195936
      objectReference: {fileID: 0}
    - target: {fileID: 5907951471938352709, guid: 4f0c6eacd5c960b4ba8df729ffe0640c, type: 3}
      propertyPath: m_LocalRotation.z
      value: -0
      objectReference: {fileID: 0}
    - target: {fileID: 5907951471938352709, guid: 4f0c6eacd5c960b4ba8df729ffe0640c, type: 3}
      propertyPath: m_LocalEulerAnglesHint.x
      value: 0
      objectReference: {fileID: 0}
    - target: {fileID: 5907951471938352709, guid: 4f0c6eacd5c960b4ba8df729ffe0640c, type: 3}
      propertyPath: m_LocalEulerAnglesHint.y
      value: 26.825
      objectReference: {fileID: 0}
    - target: {fileID: 5907951471938352709, guid: 4f0c6eacd5c960b4ba8df729ffe0640c, type: 3}
      propertyPath: m_LocalEulerAnglesHint.z
      value: 0
      objectReference: {fileID: 0}
    m_RemovedComponents: []
  m_SourcePrefab: {fileID: 100100000, guid: 4f0c6eacd5c960b4ba8df729ffe0640c, type: 3}
--- !u!4 &6426251764567116385 stripped
Transform:
  m_CorrespondingSourceObject: {fileID: 5907951471938352709, guid: 4f0c6eacd5c960b4ba8df729ffe0640c, type: 3}
  m_PrefabInstance: {fileID: 636101979271183396}
  m_PrefabAsset: {fileID: 0}
--- !u!1001 &636101979652104547
PrefabInstance:
  m_ObjectHideFlags: 0
  serializedVersion: 2
  m_Modification:
    m_TransformParent: {fileID: 1248528678074978236}
    m_Modifications:
    - target: {fileID: 6022669716420295299, guid: 7b0bca79aaff6524ba00fc8d0504dd19, type: 3}
      propertyPath: m_Name
      value: Stalagmite3 (1)
      objectReference: {fileID: 0}
    - target: {fileID: 6022669716420295550, guid: 7b0bca79aaff6524ba00fc8d0504dd19, type: 3}
      propertyPath: m_RootOrder
      value: 0
      objectReference: {fileID: 0}
    - target: {fileID: 6022669716420295550, guid: 7b0bca79aaff6524ba00fc8d0504dd19, type: 3}
      propertyPath: m_LocalScale.x
      value: 0.75251
      objectReference: {fileID: 0}
    - target: {fileID: 6022669716420295550, guid: 7b0bca79aaff6524ba00fc8d0504dd19, type: 3}
      propertyPath: m_LocalScale.y
      value: 0.9860139
      objectReference: {fileID: 0}
    - target: {fileID: 6022669716420295550, guid: 7b0bca79aaff6524ba00fc8d0504dd19, type: 3}
      propertyPath: m_LocalScale.z
      value: 0.75251
      objectReference: {fileID: 0}
    - target: {fileID: 6022669716420295550, guid: 7b0bca79aaff6524ba00fc8d0504dd19, type: 3}
      propertyPath: m_LocalPosition.x
      value: -0.031471
      objectReference: {fileID: 0}
    - target: {fileID: 6022669716420295550, guid: 7b0bca79aaff6524ba00fc8d0504dd19, type: 3}
      propertyPath: m_LocalPosition.y
      value: 0
      objectReference: {fileID: 0}
    - target: {fileID: 6022669716420295550, guid: 7b0bca79aaff6524ba00fc8d0504dd19, type: 3}
      propertyPath: m_LocalPosition.z
      value: -0.95
      objectReference: {fileID: 0}
    - target: {fileID: 6022669716420295550, guid: 7b0bca79aaff6524ba00fc8d0504dd19, type: 3}
      propertyPath: m_LocalRotation.w
      value: 1
      objectReference: {fileID: 0}
    - target: {fileID: 6022669716420295550, guid: 7b0bca79aaff6524ba00fc8d0504dd19, type: 3}
      propertyPath: m_LocalRotation.x
      value: -0
      objectReference: {fileID: 0}
    - target: {fileID: 6022669716420295550, guid: 7b0bca79aaff6524ba00fc8d0504dd19, type: 3}
      propertyPath: m_LocalRotation.y
      value: -0
      objectReference: {fileID: 0}
    - target: {fileID: 6022669716420295550, guid: 7b0bca79aaff6524ba00fc8d0504dd19, type: 3}
      propertyPath: m_LocalRotation.z
      value: -0
      objectReference: {fileID: 0}
    - target: {fileID: 6022669716420295550, guid: 7b0bca79aaff6524ba00fc8d0504dd19, type: 3}
      propertyPath: m_LocalEulerAnglesHint.x
      value: 0
      objectReference: {fileID: 0}
    - target: {fileID: 6022669716420295550, guid: 7b0bca79aaff6524ba00fc8d0504dd19, type: 3}
      propertyPath: m_LocalEulerAnglesHint.y
      value: 0
      objectReference: {fileID: 0}
    - target: {fileID: 6022669716420295550, guid: 7b0bca79aaff6524ba00fc8d0504dd19, type: 3}
      propertyPath: m_LocalEulerAnglesHint.z
      value: 0
      objectReference: {fileID: 0}
    m_RemovedComponents: []
  m_SourcePrefab: {fileID: 100100000, guid: 7b0bca79aaff6524ba00fc8d0504dd19, type: 3}
--- !u!4 &6577280016783890973 stripped
Transform:
  m_CorrespondingSourceObject: {fileID: 6022669716420295550, guid: 7b0bca79aaff6524ba00fc8d0504dd19, type: 3}
  m_PrefabInstance: {fileID: 636101979652104547}
  m_PrefabAsset: {fileID: 0}
