%YAML 1.1
%TAG !u! tag:unity3d.com,2011:
--- !u!1 &2484070243976790812
GameObject:
  m_ObjectHideFlags: 0
  m_CorrespondingSourceObject: {fileID: 0}
  m_PrefabInstance: {fileID: 0}
  m_PrefabAsset: {fileID: 0}
  serializedVersion: 6
  m_Component:
  - component: {fileID: 4078656720700580115}
  - component: {fileID: 2377948568624354930}
  - component: {fileID: 742928927936304296}
  m_Layer: 0
  m_Name: SetDressingRockWall3x4B_0
  m_TagString: Untagged
  m_Icon: {fileID: 0}
  m_NavMeshLayer: 0
  m_StaticEditorFlags: 0
  m_IsActive: 1
--- !u!4 &4078656720700580115
Transform:
  m_ObjectHideFlags: 0
  m_CorrespondingSourceObject: {fileID: 0}
  m_PrefabInstance: {fileID: 0}
  m_PrefabAsset: {fileID: 0}
  m_GameObject: {fileID: 2484070243976790812}
  m_LocalRotation: {x: 0, y: -0, z: -0, w: 1}
  m_LocalPosition: {x: -0, y: 0, z: 0}
  m_LocalScale: {x: 1, y: 1, z: 1}
  m_ConstrainProportionsScale: 0
  m_Children: []
  m_Father: {fileID: 3802434079683594589}
  m_RootOrder: 0
  m_LocalEulerAnglesHint: {x: 0, y: 0, z: 0}
--- !u!33 &2377948568624354930
MeshFilter:
  m_ObjectHideFlags: 0
  m_CorrespondingSourceObject: {fileID: 0}
  m_PrefabInstance: {fileID: 0}
  m_PrefabAsset: {fileID: 0}
  m_GameObject: {fileID: 2484070243976790812}
  m_Mesh: {fileID: 2903718805358092408, guid: 51104fd386d2bab43802e8181351bba6, type: 3}
--- !u!23 &742928927936304296
MeshRenderer:
  m_ObjectHideFlags: 0
  m_CorrespondingSourceObject: {fileID: 0}
  m_PrefabInstance: {fileID: 0}
  m_PrefabAsset: {fileID: 0}
  m_GameObject: {fileID: 2484070243976790812}
  m_Enabled: 1
  m_CastShadows: 1
  m_ReceiveShadows: 1
  m_DynamicOccludee: 1
  m_StaticShadowCaster: 0
  m_MotionVectors: 1
  m_LightProbeUsage: 1
  m_ReflectionProbeUsage: 1
  m_RayTracingMode: 2
  m_RayTraceProcedural: 0
  m_RenderingLayerMask: 1
  m_RendererPriority: 0
  m_Materials:
  - {fileID: 2100000, guid: 1bc77ab8e264cd34da26f6c6c07521f4, type: 2}
  m_StaticBatchInfo:
    firstSubMesh: 0
    subMeshCount: 0
  m_StaticBatchRoot: {fileID: 0}
  m_ProbeAnchor: {fileID: 0}
  m_LightProbeVolumeOverride: {fileID: 0}
  m_ScaleInLightmap: 1
  m_ReceiveGI: 1
  m_PreserveUVs: 0
  m_IgnoreNormalsForChartDetection: 0
  m_ImportantGI: 0
  m_StitchLightmapSeams: 1
  m_SelectedEditorRenderState: 3
  m_MinimumChartSize: 4
  m_AutoUVMaxDistance: 0.5
  m_AutoUVMaxAngle: 89
  m_LightmapParameters: {fileID: 0}
  m_SortingLayerID: 0
  m_SortingLayer: 0
  m_SortingOrder: 0
  m_AdditionalVertexStreams: {fileID: 0}
--- !u!1 &4579920073156998754
GameObject:
  m_ObjectHideFlags: 0
  m_CorrespondingSourceObject: {fileID: 0}
  m_PrefabInstance: {fileID: 0}
  m_PrefabAsset: {fileID: 0}
  serializedVersion: 6
  m_Component:
  - component: {fileID: 3802434079232912600}
  m_Layer: 0
  m_Name: Rock3x4 (2)
  m_TagString: Untagged
  m_Icon: {fileID: 0}
  m_NavMeshLayer: 0
  m_StaticEditorFlags: 0
  m_IsActive: 1
--- !u!4 &3802434079232912600
Transform:
  m_ObjectHideFlags: 0
  m_CorrespondingSourceObject: {fileID: 0}
  m_PrefabInstance: {fileID: 0}
  m_PrefabAsset: {fileID: 0}
  m_GameObject: {fileID: 4579920073156998754}
  m_LocalRotation: {x: -0, y: -0, z: -0, w: 1}
  m_LocalPosition: {x: 8.5, y: 0, z: 5}
  m_LocalScale: {x: 1, y: 1, z: 1}
  m_ConstrainProportionsScale: 0
  m_Children:
  - {fileID: 4968421958920222987}
  m_Father: {fileID: 6594140852182271987}
  m_RootOrder: 2
  m_LocalEulerAnglesHint: {x: 0, y: 0, z: 0}
--- !u!1 &4579920073687372775
GameObject:
  m_ObjectHideFlags: 0
  m_CorrespondingSourceObject: {fileID: 0}
  m_PrefabInstance: {fileID: 0}
  m_PrefabAsset: {fileID: 0}
  serializedVersion: 6
  m_Component:
  - component: {fileID: 3802434079683594589}
  m_Layer: 0
  m_Name: Rock3x4 (1)
  m_TagString: Untagged
  m_Icon: {fileID: 0}
  m_NavMeshLayer: 0
  m_StaticEditorFlags: 0
  m_IsActive: 1
--- !u!4 &3802434079683594589
Transform:
  m_ObjectHideFlags: 0
  m_CorrespondingSourceObject: {fileID: 0}
  m_PrefabInstance: {fileID: 0}
  m_PrefabAsset: {fileID: 0}
  m_GameObject: {fileID: 4579920073687372775}
  m_LocalRotation: {x: -0, y: -0, z: -0, w: 1}
  m_LocalPosition: {x: 0.5, y: 0, z: 9}
  m_LocalScale: {x: 1, y: 1, z: 1}
  m_ConstrainProportionsScale: 0
  m_Children:
  - {fileID: 4078656720700580115}
  m_Father: {fileID: 6594140852182271987}
  m_RootOrder: 0
  m_LocalEulerAnglesHint: {x: 0, y: 0, z: 0}
--- !u!1 &4579920074836776149
GameObject:
  m_ObjectHideFlags: 0
  m_CorrespondingSourceObject: {fileID: 0}
  m_PrefabInstance: {fileID: 0}
  m_PrefabAsset: {fileID: 0}
  serializedVersion: 6
  m_Component:
  - component: {fileID: 3802434080648449647}
  m_Layer: 0
  m_Name: Rock3x4 (3)
  m_TagString: Untagged
  m_Icon: {fileID: 0}
  m_NavMeshLayer: 0
  m_StaticEditorFlags: 0
  m_IsActive: 1
--- !u!4 &3802434080648449647
Transform:
  m_ObjectHideFlags: 0
  m_CorrespondingSourceObject: {fileID: 0}
  m_PrefabInstance: {fileID: 0}
  m_PrefabAsset: {fileID: 0}
  m_GameObject: {fileID: 4579920074836776149}
  m_LocalRotation: {x: -0, y: -0, z: -0, w: 1}
  m_LocalPosition: {x: 9.5, y: 0, z: 1}
  m_LocalScale: {x: 1, y: 1, z: 1}
  m_ConstrainProportionsScale: 0
  m_Children:
  - {fileID: 4968421959660936124}
  m_Father: {fileID: 6594140852182271987}
  m_RootOrder: 3
  m_LocalEulerAnglesHint: {x: 0, y: 0, z: 0}
--- !u!1 &4579920074947958133
GameObject:
  m_ObjectHideFlags: 0
  m_CorrespondingSourceObject: {fileID: 0}
  m_PrefabInstance: {fileID: 0}
  m_PrefabAsset: {fileID: 0}
  serializedVersion: 6
  m_Component:
  - component: {fileID: 3802434080671551439}
  m_Layer: 0
  m_Name: Rock3x4
  m_TagString: Untagged
  m_Icon: {fileID: 0}
  m_NavMeshLayer: 0
  m_StaticEditorFlags: 0
  m_IsActive: 1
--- !u!4 &3802434080671551439
Transform:
  m_ObjectHideFlags: 0
  m_CorrespondingSourceObject: {fileID: 0}
  m_PrefabInstance: {fileID: 0}
  m_PrefabAsset: {fileID: 0}
  m_GameObject: {fileID: 4579920074947958133}
  m_LocalRotation: {x: -0, y: -0, z: -0, w: 1}
  m_LocalPosition: {x: -0.5, y: 0, z: 1}
  m_LocalScale: {x: 1, y: 1, z: 1}
  m_ConstrainProportionsScale: 0
  m_Children:
  - {fileID: 4968421959553554972}
  m_Father: {fileID: 6594140852182271987}
  m_RootOrder: 1
  m_LocalEulerAnglesHint: {x: 0, y: 0, z: 0}
--- !u!1 &6594140850270914186
GameObject:
  m_ObjectHideFlags: 0
  m_CorrespondingSourceObject: {fileID: 0}
  m_PrefabInstance: {fileID: 0}
  m_PrefabAsset: {fileID: 0}
  serializedVersion: 6
  m_Component:
  - component: {fileID: 6594140850270914185}
  m_Layer: 0
  m_Name: Planes
  m_TagString: Untagged
  m_Icon: {fileID: 0}
  m_NavMeshLayer: 0
  m_StaticEditorFlags: 0
  m_IsActive: 1
--- !u!4 &6594140850270914185
Transform:
  m_ObjectHideFlags: 0
  m_CorrespondingSourceObject: {fileID: 0}
  m_PrefabInstance: {fileID: 0}
  m_PrefabAsset: {fileID: 0}
  m_GameObject: {fileID: 6594140850270914186}
  m_LocalRotation: {x: -0, y: -0, z: -0, w: 1}
  m_LocalPosition: {x: 5, y: 0, z: 0}
  m_LocalScale: {x: 1, y: 1, z: 1}
  m_ConstrainProportionsScale: 0
  m_Children:
  - {fileID: 6594140851895859385}
  - {fileID: 227485197242469113}
  - {fileID: 3759123765525994083}
  m_Father: {fileID: 6594140851743688614}
  m_RootOrder: 0
  m_LocalEulerAnglesHint: {x: 0, y: 0, z: 0}
--- !u!1 &6594140850621859636
GameObject:
  m_ObjectHideFlags: 0
  m_CorrespondingSourceObject: {fileID: 0}
  m_PrefabInstance: {fileID: 0}
  m_PrefabAsset: {fileID: 0}
  serializedVersion: 6
  m_Component:
  - component: {fileID: 6594140850621859643}
  m_Layer: 0
  m_Name: SideMines
  m_TagString: Untagged
  m_Icon: {fileID: 0}
  m_NavMeshLayer: 0
  m_StaticEditorFlags: 0
  m_IsActive: 1
--- !u!4 &6594140850621859643
Transform:
  m_ObjectHideFlags: 0
  m_CorrespondingSourceObject: {fileID: 0}
  m_PrefabInstance: {fileID: 0}
  m_PrefabAsset: {fileID: 0}
  m_GameObject: {fileID: 6594140850621859636}
  m_LocalRotation: {x: 0, y: 0, z: 0, w: 1}
  m_LocalPosition: {x: 0, y: 0, z: 0}
  m_LocalScale: {x: 1, y: 1, z: 1}
  m_ConstrainProportionsScale: 0
  m_Children:
  - {fileID: 3082341590897901705}
  m_Father: {fileID: 6594140851743688614}
  m_RootOrder: 6
  m_LocalEulerAnglesHint: {x: 0, y: 0, z: 0}
--- !u!1 &6594140851192824015
GameObject:
  m_ObjectHideFlags: 0
  m_CorrespondingSourceObject: {fileID: 0}
  m_PrefabInstance: {fileID: 0}
  m_PrefabAsset: {fileID: 0}
  serializedVersion: 6
  m_Component:
  - component: {fileID: 6594140851192824014}
  m_Layer: 0
  m_Name: ClickableObjects
  m_TagString: Untagged
  m_Icon: {fileID: 0}
  m_NavMeshLayer: 0
  m_StaticEditorFlags: 0
  m_IsActive: 1
--- !u!4 &6594140851192824014
Transform:
  m_ObjectHideFlags: 0
  m_CorrespondingSourceObject: {fileID: 0}
  m_PrefabInstance: {fileID: 0}
  m_PrefabAsset: {fileID: 0}
  m_GameObject: {fileID: 6594140851192824015}
  m_LocalRotation: {x: -0, y: -0, z: -0, w: 1}
  m_LocalPosition: {x: 0, y: 0, z: 0}
  m_LocalScale: {x: 1, y: 1, z: 1}
  m_ConstrainProportionsScale: 0
  m_Children: []
  m_Father: {fileID: 6594140851743688614}
  m_RootOrder: 5
  m_LocalEulerAnglesHint: {x: 0, y: 0, z: 0}
--- !u!1 &6594140851743688615
GameObject:
  m_ObjectHideFlags: 0
  m_CorrespondingSourceObject: {fileID: 0}
  m_PrefabInstance: {fileID: 0}
  m_PrefabAsset: {fileID: 0}
  serializedVersion: 6
  m_Component:
  - component: {fileID: 6594140851743688614}
  - component: {fileID: 1273921730}
  m_Layer: 0
  m_Name: Level_test
  m_TagString: Untagged
  m_Icon: {fileID: 0}
  m_NavMeshLayer: 0
  m_StaticEditorFlags: 0
  m_IsActive: 1
--- !u!4 &6594140851743688614
Transform:
  m_ObjectHideFlags: 0
  m_CorrespondingSourceObject: {fileID: 0}
  m_PrefabInstance: {fileID: 0}
  m_PrefabAsset: {fileID: 0}
  m_GameObject: {fileID: 6594140851743688615}
  m_LocalRotation: {x: 0, y: 0, z: 0, w: 1}
  m_LocalPosition: {x: 0, y: 0, z: 0}
  m_LocalScale: {x: 1, y: 1, z: 1}
  m_ConstrainProportionsScale: 0
  m_Children:
  - {fileID: 6594140850270914185}
  - {fileID: 6594140852182271987}
  - {fileID: 7133912656601737616}
  - {fileID: 7779074673995319798}
  - {fileID: 6594140851844177167}
  - {fileID: 6594140851192824014}
  - {fileID: 6594140850621859643}
  - {fileID: 8149877676440405504}
  - {fileID: 9214094107264940163}
  - {fileID: 5728670232165488077}
  - {fileID: 5711544102341799056}
  - {fileID: 969121979409063448}
  - {fileID: 7717812558913873984}
  - {fileID: 6789505804754143789}
  - {fileID: 3135006374842885688}
  - {fileID: 6099263437729927276}
  - {fileID: 8802581483628903061}
  - {fileID: 4901026550863319491}
  m_Father: {fileID: 0}
  m_RootOrder: 0
  m_LocalEulerAnglesHint: {x: 0, y: 0, z: 0}
--- !u!114 &1273921730
MonoBehaviour:
  m_ObjectHideFlags: 0
  m_CorrespondingSourceObject: {fileID: 0}
  m_PrefabInstance: {fileID: 0}
  m_PrefabAsset: {fileID: 0}
  m_GameObject: {fileID: 6594140851743688615}
  m_Enabled: 1
  m_EditorHideFlags: 0
  m_Script: {fileID: 11500000, guid: f867a9defcc2ea145954c1f2d681b47d, type: 3}
  m_Name: 
  m_EditorClassIdentifier: 
--- !u!1 &6594140851844177160
GameObject:
  m_ObjectHideFlags: 0
  m_CorrespondingSourceObject: {fileID: 0}
  m_PrefabInstance: {fileID: 0}
  m_PrefabAsset: {fileID: 0}
  serializedVersion: 6
  m_Component:
  - component: {fileID: 6594140851844177167}
  m_Layer: 0
  m_Name: DestructionObjects
  m_TagString: Untagged
  m_Icon: {fileID: 0}
  m_NavMeshLayer: 0
  m_StaticEditorFlags: 0
  m_IsActive: 1
--- !u!4 &6594140851844177167
Transform:
  m_ObjectHideFlags: 0
  m_CorrespondingSourceObject: {fileID: 0}
  m_PrefabInstance: {fileID: 0}
  m_PrefabAsset: {fileID: 0}
  m_GameObject: {fileID: 6594140851844177160}
  m_LocalRotation: {x: 0, y: 0, z: 0, w: 1}
  m_LocalPosition: {x: 0, y: 0, z: 0}
  m_LocalScale: {x: 1, y: 1, z: 1}
  m_ConstrainProportionsScale: 0
  m_Children:
  - {fileID: 5717723234372323894}
  - {fileID: 4658797460619476835}
  - {fileID: 5692690146040788194}
  - {fileID: 8199010130227121802}
  m_Father: {fileID: 6594140851743688614}
  m_RootOrder: 4
  m_LocalEulerAnglesHint: {x: 0, y: 0, z: 0}
--- !u!1 &6594140852182271884
GameObject:
  m_ObjectHideFlags: 0
  m_CorrespondingSourceObject: {fileID: 0}
  m_PrefabInstance: {fileID: 0}
  m_PrefabAsset: {fileID: 0}
  serializedVersion: 6
  m_Component:
  - component: {fileID: 6594140852182271987}
  m_Layer: 0
  m_Name: NotDestructionObjects
  m_TagString: Untagged
  m_Icon: {fileID: 0}
  m_NavMeshLayer: 0
  m_StaticEditorFlags: 0
  m_IsActive: 1
--- !u!4 &6594140852182271987
Transform:
  m_ObjectHideFlags: 0
  m_CorrespondingSourceObject: {fileID: 0}
  m_PrefabInstance: {fileID: 0}
  m_PrefabAsset: {fileID: 0}
  m_GameObject: {fileID: 6594140852182271884}
  m_LocalRotation: {x: -0, y: -0, z: -0, w: 1}
  m_LocalPosition: {x: 0, y: 0, z: 0}
  m_LocalScale: {x: 1, y: 1, z: 1}
  m_ConstrainProportionsScale: 0
  m_Children:
  - {fileID: 3802434079683594589}
  - {fileID: 3802434080671551439}
  - {fileID: 3802434079232912600}
  - {fileID: 3802434080648449647}
  - {fileID: 3708787635267933807}
  - {fileID: 4252685758514942671}
  m_Father: {fileID: 6594140851743688614}
  m_RootOrder: 1
  m_LocalEulerAnglesHint: {x: 0, y: 0, z: 0}
--- !u!1 &6777949765273647539
GameObject:
  m_ObjectHideFlags: 0
  m_CorrespondingSourceObject: {fileID: 0}
  m_PrefabInstance: {fileID: 0}
  m_PrefabAsset: {fileID: 0}
  serializedVersion: 6
  m_Component:
  - component: {fileID: 4968421959660936124}
  - component: {fileID: 6730917992290970845}
  - component: {fileID: 8513567132276518407}
  m_Layer: 0
  m_Name: SetDressingRockWall3x4B_0
  m_TagString: Untagged
  m_Icon: {fileID: 0}
  m_NavMeshLayer: 0
  m_StaticEditorFlags: 0
  m_IsActive: 1
--- !u!4 &4968421959660936124
Transform:
  m_ObjectHideFlags: 0
  m_CorrespondingSourceObject: {fileID: 0}
  m_PrefabInstance: {fileID: 0}
  m_PrefabAsset: {fileID: 0}
  m_GameObject: {fileID: 6777949765273647539}
  m_LocalRotation: {x: 0, y: -0, z: -0, w: 1}
  m_LocalPosition: {x: -0, y: 0, z: 0}
  m_LocalScale: {x: 1, y: 1, z: 1}
  m_ConstrainProportionsScale: 0
  m_Children: []
  m_Father: {fileID: 3802434080648449647}
  m_RootOrder: 0
  m_LocalEulerAnglesHint: {x: 0, y: 0, z: 0}
--- !u!33 &6730917992290970845
MeshFilter:
  m_ObjectHideFlags: 0
  m_CorrespondingSourceObject: {fileID: 0}
  m_PrefabInstance: {fileID: 0}
  m_PrefabAsset: {fileID: 0}
  m_GameObject: {fileID: 6777949765273647539}
  m_Mesh: {fileID: 2903718805358092408, guid: 51104fd386d2bab43802e8181351bba6, type: 3}
--- !u!23 &8513567132276518407
MeshRenderer:
  m_ObjectHideFlags: 0
  m_CorrespondingSourceObject: {fileID: 0}
  m_PrefabInstance: {fileID: 0}
  m_PrefabAsset: {fileID: 0}
  m_GameObject: {fileID: 6777949765273647539}
  m_Enabled: 1
  m_CastShadows: 1
  m_ReceiveShadows: 1
  m_DynamicOccludee: 1
  m_StaticShadowCaster: 0
  m_MotionVectors: 1
  m_LightProbeUsage: 1
  m_ReflectionProbeUsage: 1
  m_RayTracingMode: 2
  m_RayTraceProcedural: 0
  m_RenderingLayerMask: 1
  m_RendererPriority: 0
  m_Materials:
  - {fileID: 2100000, guid: 1bc77ab8e264cd34da26f6c6c07521f4, type: 2}
  m_StaticBatchInfo:
    firstSubMesh: 0
    subMeshCount: 0
  m_StaticBatchRoot: {fileID: 0}
  m_ProbeAnchor: {fileID: 0}
  m_LightProbeVolumeOverride: {fileID: 0}
  m_ScaleInLightmap: 1
  m_ReceiveGI: 1
  m_PreserveUVs: 0
  m_IgnoreNormalsForChartDetection: 0
  m_ImportantGI: 0
  m_StitchLightmapSeams: 1
  m_SelectedEditorRenderState: 3
  m_MinimumChartSize: 4
  m_AutoUVMaxDistance: 0.5
  m_AutoUVMaxAngle: 89
  m_LightmapParameters: {fileID: 0}
  m_SortingLayerID: 0
  m_SortingLayer: 0
  m_SortingOrder: 0
  m_AdditionalVertexStreams: {fileID: 0}
--- !u!1 &6777949765368051731
GameObject:
  m_ObjectHideFlags: 0
  m_CorrespondingSourceObject: {fileID: 0}
  m_PrefabInstance: {fileID: 0}
  m_PrefabAsset: {fileID: 0}
  serializedVersion: 6
  m_Component:
  - component: {fileID: 4968421959553554972}
  - component: {fileID: 6730917992184311165}
  - component: {fileID: 8513567132304273319}
  m_Layer: 0
  m_Name: SetDressingRockWall3x4B_0
  m_TagString: Untagged
  m_Icon: {fileID: 0}
  m_NavMeshLayer: 0
  m_StaticEditorFlags: 0
  m_IsActive: 1
--- !u!4 &4968421959553554972
Transform:
  m_ObjectHideFlags: 0
  m_CorrespondingSourceObject: {fileID: 0}
  m_PrefabInstance: {fileID: 0}
  m_PrefabAsset: {fileID: 0}
  m_GameObject: {fileID: 6777949765368051731}
  m_LocalRotation: {x: 0, y: -0, z: -0, w: 1}
  m_LocalPosition: {x: -0, y: 0, z: 0}
  m_LocalScale: {x: 1, y: 1, z: 1}
  m_ConstrainProportionsScale: 0
  m_Children: []
  m_Father: {fileID: 3802434080671551439}
  m_RootOrder: 0
  m_LocalEulerAnglesHint: {x: 0, y: 0, z: 0}
--- !u!33 &6730917992184311165
MeshFilter:
  m_ObjectHideFlags: 0
  m_CorrespondingSourceObject: {fileID: 0}
  m_PrefabInstance: {fileID: 0}
  m_PrefabAsset: {fileID: 0}
  m_GameObject: {fileID: 6777949765368051731}
  m_Mesh: {fileID: 2903718805358092408, guid: 51104fd386d2bab43802e8181351bba6, type: 3}
--- !u!23 &8513567132304273319
MeshRenderer:
  m_ObjectHideFlags: 0
  m_CorrespondingSourceObject: {fileID: 0}
  m_PrefabInstance: {fileID: 0}
  m_PrefabAsset: {fileID: 0}
  m_GameObject: {fileID: 6777949765368051731}
  m_Enabled: 1
  m_CastShadows: 1
  m_ReceiveShadows: 1
  m_DynamicOccludee: 1
  m_StaticShadowCaster: 0
  m_MotionVectors: 1
  m_LightProbeUsage: 1
  m_ReflectionProbeUsage: 1
  m_RayTracingMode: 2
  m_RayTraceProcedural: 0
  m_RenderingLayerMask: 1
  m_RendererPriority: 0
  m_Materials:
  - {fileID: 2100000, guid: 1bc77ab8e264cd34da26f6c6c07521f4, type: 2}
  m_StaticBatchInfo:
    firstSubMesh: 0
    subMeshCount: 0
  m_StaticBatchRoot: {fileID: 0}
  m_ProbeAnchor: {fileID: 0}
  m_LightProbeVolumeOverride: {fileID: 0}
  m_ScaleInLightmap: 1
  m_ReceiveGI: 1
  m_PreserveUVs: 0
  m_IgnoreNormalsForChartDetection: 0
  m_ImportantGI: 0
  m_StitchLightmapSeams: 1
  m_SelectedEditorRenderState: 3
  m_MinimumChartSize: 4
  m_AutoUVMaxDistance: 0.5
  m_AutoUVMaxAngle: 89
  m_LightmapParameters: {fileID: 0}
  m_SortingLayerID: 0
  m_SortingLayer: 0
  m_SortingOrder: 0
  m_AdditionalVertexStreams: {fileID: 0}
--- !u!1 &6777949767091903236
GameObject:
  m_ObjectHideFlags: 0
  m_CorrespondingSourceObject: {fileID: 0}
  m_PrefabInstance: {fileID: 0}
  m_PrefabAsset: {fileID: 0}
  serializedVersion: 6
  m_Component:
  - component: {fileID: 4968421958920222987}
  - component: {fileID: 6730917993966882410}
  - component: {fileID: 8513567133013101744}
  m_Layer: 0
  m_Name: SetDressingRockWall3x4B_0
  m_TagString: Untagged
  m_Icon: {fileID: 0}
  m_NavMeshLayer: 0
  m_StaticEditorFlags: 0
  m_IsActive: 1
--- !u!4 &4968421958920222987
Transform:
  m_ObjectHideFlags: 0
  m_CorrespondingSourceObject: {fileID: 0}
  m_PrefabInstance: {fileID: 0}
  m_PrefabAsset: {fileID: 0}
  m_GameObject: {fileID: 6777949767091903236}
  m_LocalRotation: {x: 0, y: -0, z: -0, w: 1}
  m_LocalPosition: {x: -0, y: 0, z: 0}
  m_LocalScale: {x: 1, y: 1, z: 1}
  m_ConstrainProportionsScale: 0
  m_Children: []
  m_Father: {fileID: 3802434079232912600}
  m_RootOrder: 0
  m_LocalEulerAnglesHint: {x: 0, y: 0, z: 0}
--- !u!33 &6730917993966882410
MeshFilter:
  m_ObjectHideFlags: 0
  m_CorrespondingSourceObject: {fileID: 0}
  m_PrefabInstance: {fileID: 0}
  m_PrefabAsset: {fileID: 0}
  m_GameObject: {fileID: 6777949767091903236}
  m_Mesh: {fileID: 2903718805358092408, guid: 51104fd386d2bab43802e8181351bba6, type: 3}
--- !u!23 &8513567133013101744
MeshRenderer:
  m_ObjectHideFlags: 0
  m_CorrespondingSourceObject: {fileID: 0}
  m_PrefabInstance: {fileID: 0}
  m_PrefabAsset: {fileID: 0}
  m_GameObject: {fileID: 6777949767091903236}
  m_Enabled: 1
  m_CastShadows: 1
  m_ReceiveShadows: 1
  m_DynamicOccludee: 1
  m_StaticShadowCaster: 0
  m_MotionVectors: 1
  m_LightProbeUsage: 1
  m_ReflectionProbeUsage: 1
  m_RayTracingMode: 2
  m_RayTraceProcedural: 0
  m_RenderingLayerMask: 1
  m_RendererPriority: 0
  m_Materials:
  - {fileID: 2100000, guid: 1bc77ab8e264cd34da26f6c6c07521f4, type: 2}
  m_StaticBatchInfo:
    firstSubMesh: 0
    subMeshCount: 0
  m_StaticBatchRoot: {fileID: 0}
  m_ProbeAnchor: {fileID: 0}
  m_LightProbeVolumeOverride: {fileID: 0}
  m_ScaleInLightmap: 1
  m_ReceiveGI: 1
  m_PreserveUVs: 0
  m_IgnoreNormalsForChartDetection: 0
  m_ImportantGI: 0
  m_StitchLightmapSeams: 1
  m_SelectedEditorRenderState: 3
  m_MinimumChartSize: 4
  m_AutoUVMaxDistance: 0.5
  m_AutoUVMaxAngle: 89
  m_LightmapParameters: {fileID: 0}
  m_SortingLayerID: 0
  m_SortingLayer: 0
  m_SortingOrder: 0
  m_AdditionalVertexStreams: {fileID: 0}
--- !u!1001 &322974871429059053
PrefabInstance:
  m_ObjectHideFlags: 0
  serializedVersion: 2
  m_Modification:
    m_TransformParent: {fileID: 6594140851743688614}
    m_Modifications:
    - target: {fileID: 1588546458484647424, guid: d75ead93097de284fa9d8b7b3f51f3b2, type: 3}
      propertyPath: m_Name
      value: BarrelCannon
      objectReference: {fileID: 0}
    - target: {fileID: 7456782498282928253, guid: d75ead93097de284fa9d8b7b3f51f3b2, type: 3}
      propertyPath: m_RootOrder
      value: 2
      objectReference: {fileID: 0}
    - target: {fileID: 7456782498282928253, guid: d75ead93097de284fa9d8b7b3f51f3b2, type: 3}
      propertyPath: m_LocalPosition.x
      value: 6.5
      objectReference: {fileID: 0}
    - target: {fileID: 7456782498282928253, guid: d75ead93097de284fa9d8b7b3f51f3b2, type: 3}
      propertyPath: m_LocalPosition.y
      value: 0
      objectReference: {fileID: 0}
    - target: {fileID: 7456782498282928253, guid: d75ead93097de284fa9d8b7b3f51f3b2, type: 3}
      propertyPath: m_LocalPosition.z
      value: 3
      objectReference: {fileID: 0}
    - target: {fileID: 7456782498282928253, guid: d75ead93097de284fa9d8b7b3f51f3b2, type: 3}
      propertyPath: m_LocalRotation.w
      value: 1
      objectReference: {fileID: 0}
    - target: {fileID: 7456782498282928253, guid: d75ead93097de284fa9d8b7b3f51f3b2, type: 3}
      propertyPath: m_LocalRotation.x
      value: 0
      objectReference: {fileID: 0}
    - target: {fileID: 7456782498282928253, guid: d75ead93097de284fa9d8b7b3f51f3b2, type: 3}
      propertyPath: m_LocalRotation.y
      value: 0
      objectReference: {fileID: 0}
    - target: {fileID: 7456782498282928253, guid: d75ead93097de284fa9d8b7b3f51f3b2, type: 3}
      propertyPath: m_LocalRotation.z
      value: 0
      objectReference: {fileID: 0}
    - target: {fileID: 7456782498282928253, guid: d75ead93097de284fa9d8b7b3f51f3b2, type: 3}
      propertyPath: m_LocalEulerAnglesHint.x
      value: 0
      objectReference: {fileID: 0}
    - target: {fileID: 7456782498282928253, guid: d75ead93097de284fa9d8b7b3f51f3b2, type: 3}
      propertyPath: m_LocalEulerAnglesHint.y
      value: 0
      objectReference: {fileID: 0}
    - target: {fileID: 7456782498282928253, guid: d75ead93097de284fa9d8b7b3f51f3b2, type: 3}
      propertyPath: m_LocalEulerAnglesHint.z
      value: 0
      objectReference: {fileID: 0}
    m_RemovedComponents: []
  m_SourcePrefab: {fileID: 100100000, guid: d75ead93097de284fa9d8b7b3f51f3b2, type: 3}
--- !u!4 &7133912656601737616 stripped
Transform:
  m_CorrespondingSourceObject: {fileID: 7456782498282928253, guid: d75ead93097de284fa9d8b7b3f51f3b2, type: 3}
  m_PrefabInstance: {fileID: 322974871429059053}
  m_PrefabAsset: {fileID: 0}
--- !u!1001 &1047307203999739663
PrefabInstance:
  m_ObjectHideFlags: 0
  serializedVersion: 2
  m_Modification:
    m_TransformParent: {fileID: 6594140851743688614}
    m_Modifications:
    - target: {fileID: 7312750032890242809, guid: 416c1baf2050fde4d9753fd53128076c, type: 3}
      propertyPath: m_RootOrder
      value: 3
      objectReference: {fileID: 0}
    - target: {fileID: 7312750032890242809, guid: 416c1baf2050fde4d9753fd53128076c, type: 3}
      propertyPath: m_LocalPosition.x
      value: 3.3574405
      objectReference: {fileID: 0}
    - target: {fileID: 7312750032890242809, guid: 416c1baf2050fde4d9753fd53128076c, type: 3}
      propertyPath: m_LocalPosition.y
      value: 0
      objectReference: {fileID: 0}
    - target: {fileID: 7312750032890242809, guid: 416c1baf2050fde4d9753fd53128076c, type: 3}
      propertyPath: m_LocalPosition.z
      value: 3.2225037
      objectReference: {fileID: 0}
    - target: {fileID: 7312750032890242809, guid: 416c1baf2050fde4d9753fd53128076c, type: 3}
      propertyPath: m_LocalRotation.w
      value: 1
      objectReference: {fileID: 0}
    - target: {fileID: 7312750032890242809, guid: 416c1baf2050fde4d9753fd53128076c, type: 3}
      propertyPath: m_LocalRotation.x
      value: -0
      objectReference: {fileID: 0}
    - target: {fileID: 7312750032890242809, guid: 416c1baf2050fde4d9753fd53128076c, type: 3}
      propertyPath: m_LocalRotation.y
      value: -0
      objectReference: {fileID: 0}
    - target: {fileID: 7312750032890242809, guid: 416c1baf2050fde4d9753fd53128076c, type: 3}
      propertyPath: m_LocalRotation.z
      value: -0
      objectReference: {fileID: 0}
    - target: {fileID: 7312750032890242809, guid: 416c1baf2050fde4d9753fd53128076c, type: 3}
      propertyPath: m_LocalEulerAnglesHint.x
      value: 0
      objectReference: {fileID: 0}
    - target: {fileID: 7312750032890242809, guid: 416c1baf2050fde4d9753fd53128076c, type: 3}
      propertyPath: m_LocalEulerAnglesHint.y
      value: 0
      objectReference: {fileID: 0}
    - target: {fileID: 7312750032890242809, guid: 416c1baf2050fde4d9753fd53128076c, type: 3}
      propertyPath: m_LocalEulerAnglesHint.z
      value: 0
      objectReference: {fileID: 0}
    - target: {fileID: 7942040517327879235, guid: 416c1baf2050fde4d9753fd53128076c, type: 3}
      propertyPath: m_Name
      value: Forge
      objectReference: {fileID: 0}
    m_RemovedComponents: []
  m_SourcePrefab: {fileID: 100100000, guid: 416c1baf2050fde4d9753fd53128076c, type: 3}
--- !u!4 &7779074673995319798 stripped
Transform:
  m_CorrespondingSourceObject: {fileID: 7312750032890242809, guid: 416c1baf2050fde4d9753fd53128076c, type: 3}
  m_PrefabInstance: {fileID: 1047307203999739663}
  m_PrefabAsset: {fileID: 0}
--- !u!1001 &1955035842890258066
PrefabInstance:
  m_ObjectHideFlags: 0
  serializedVersion: 2
  m_Modification:
    m_TransformParent: {fileID: 6594140851743688614}
    m_Modifications:
    - target: {fileID: 6080657348088445442, guid: 0f85a9b95efe0c940b1a7ed2fafe4c70, type: 3}
      propertyPath: m_RootOrder
      value: 10
      objectReference: {fileID: 0}
    - target: {fileID: 6080657348088445442, guid: 0f85a9b95efe0c940b1a7ed2fafe4c70, type: 3}
      propertyPath: m_LocalPosition.x
      value: 5
      objectReference: {fileID: 0}
    - target: {fileID: 6080657348088445442, guid: 0f85a9b95efe0c940b1a7ed2fafe4c70, type: 3}
      propertyPath: m_LocalPosition.y
      value: 0
      objectReference: {fileID: 0}
    - target: {fileID: 6080657348088445442, guid: 0f85a9b95efe0c940b1a7ed2fafe4c70, type: 3}
      propertyPath: m_LocalPosition.z
      value: 10
      objectReference: {fileID: 0}
    - target: {fileID: 6080657348088445442, guid: 0f85a9b95efe0c940b1a7ed2fafe4c70, type: 3}
      propertyPath: m_LocalRotation.w
      value: 1
      objectReference: {fileID: 0}
    - target: {fileID: 6080657348088445442, guid: 0f85a9b95efe0c940b1a7ed2fafe4c70, type: 3}
      propertyPath: m_LocalRotation.x
      value: -0
      objectReference: {fileID: 0}
    - target: {fileID: 6080657348088445442, guid: 0f85a9b95efe0c940b1a7ed2fafe4c70, type: 3}
      propertyPath: m_LocalRotation.y
      value: -0
      objectReference: {fileID: 0}
    - target: {fileID: 6080657348088445442, guid: 0f85a9b95efe0c940b1a7ed2fafe4c70, type: 3}
      propertyPath: m_LocalRotation.z
      value: -0
      objectReference: {fileID: 0}
    - target: {fileID: 6080657348088445442, guid: 0f85a9b95efe0c940b1a7ed2fafe4c70, type: 3}
      propertyPath: m_LocalEulerAnglesHint.x
      value: 0
      objectReference: {fileID: 0}
    - target: {fileID: 6080657348088445442, guid: 0f85a9b95efe0c940b1a7ed2fafe4c70, type: 3}
      propertyPath: m_LocalEulerAnglesHint.y
      value: 0
      objectReference: {fileID: 0}
    - target: {fileID: 6080657348088445442, guid: 0f85a9b95efe0c940b1a7ed2fafe4c70, type: 3}
      propertyPath: m_LocalEulerAnglesHint.z
      value: 0
      objectReference: {fileID: 0}
    - target: {fileID: 6080657348088445452, guid: 0f85a9b95efe0c940b1a7ed2fafe4c70, type: 3}
      propertyPath: m_Name
      value: Goblin (1)
      objectReference: {fileID: 0}
    - target: {fileID: 6080657349055812196, guid: 0f85a9b95efe0c940b1a7ed2fafe4c70, type: 3}
      propertyPath: m_Materials.Array.data[0]
      value: 
      objectReference: {fileID: 1412027622292856694, guid: 6f1075e03b7aa4d4a8dc03f1e278972b, type: 2}
    m_RemovedComponents: []
  m_SourcePrefab: {fileID: 100100000, guid: 0f85a9b95efe0c940b1a7ed2fafe4c70, type: 3}
--- !u!4 &5711544102341799056 stripped
Transform:
  m_CorrespondingSourceObject: {fileID: 6080657348088445442, guid: 0f85a9b95efe0c940b1a7ed2fafe4c70, type: 3}
  m_PrefabInstance: {fileID: 1955035842890258066}
  m_PrefabAsset: {fileID: 0}
--- !u!1001 &2009316394209521615
PrefabInstance:
  m_ObjectHideFlags: 0
  serializedVersion: 2
  m_Modification:
    m_TransformParent: {fileID: 6594140851743688614}
    m_Modifications:
    - target: {fileID: 6080657348088445442, guid: 0f85a9b95efe0c940b1a7ed2fafe4c70, type: 3}
      propertyPath: m_RootOrder
      value: 9
      objectReference: {fileID: 0}
    - target: {fileID: 6080657348088445442, guid: 0f85a9b95efe0c940b1a7ed2fafe4c70, type: 3}
      propertyPath: m_LocalPosition.x
      value: 6
      objectReference: {fileID: 0}
    - target: {fileID: 6080657348088445442, guid: 0f85a9b95efe0c940b1a7ed2fafe4c70, type: 3}
      propertyPath: m_LocalPosition.y
      value: 0
      objectReference: {fileID: 0}
    - target: {fileID: 6080657348088445442, guid: 0f85a9b95efe0c940b1a7ed2fafe4c70, type: 3}
      propertyPath: m_LocalPosition.z
      value: 8
      objectReference: {fileID: 0}
    - target: {fileID: 6080657348088445442, guid: 0f85a9b95efe0c940b1a7ed2fafe4c70, type: 3}
      propertyPath: m_LocalRotation.w
      value: 1
      objectReference: {fileID: 0}
    - target: {fileID: 6080657348088445442, guid: 0f85a9b95efe0c940b1a7ed2fafe4c70, type: 3}
      propertyPath: m_LocalRotation.x
      value: -0
      objectReference: {fileID: 0}
    - target: {fileID: 6080657348088445442, guid: 0f85a9b95efe0c940b1a7ed2fafe4c70, type: 3}
      propertyPath: m_LocalRotation.y
      value: -0
      objectReference: {fileID: 0}
    - target: {fileID: 6080657348088445442, guid: 0f85a9b95efe0c940b1a7ed2fafe4c70, type: 3}
      propertyPath: m_LocalRotation.z
      value: -0
      objectReference: {fileID: 0}
    - target: {fileID: 6080657348088445442, guid: 0f85a9b95efe0c940b1a7ed2fafe4c70, type: 3}
      propertyPath: m_LocalEulerAnglesHint.x
      value: 0
      objectReference: {fileID: 0}
    - target: {fileID: 6080657348088445442, guid: 0f85a9b95efe0c940b1a7ed2fafe4c70, type: 3}
      propertyPath: m_LocalEulerAnglesHint.y
      value: 0
      objectReference: {fileID: 0}
    - target: {fileID: 6080657348088445442, guid: 0f85a9b95efe0c940b1a7ed2fafe4c70, type: 3}
      propertyPath: m_LocalEulerAnglesHint.z
      value: 0
      objectReference: {fileID: 0}
    - target: {fileID: 6080657348088445452, guid: 0f85a9b95efe0c940b1a7ed2fafe4c70, type: 3}
      propertyPath: m_Name
      value: Goblin (2)
      objectReference: {fileID: 0}
    m_RemovedComponents: []
  m_SourcePrefab: {fileID: 100100000, guid: 0f85a9b95efe0c940b1a7ed2fafe4c70, type: 3}
--- !u!4 &5728670232165488077 stripped
Transform:
  m_CorrespondingSourceObject: {fileID: 6080657348088445442, guid: 0f85a9b95efe0c940b1a7ed2fafe4c70, type: 3}
  m_PrefabInstance: {fileID: 2009316394209521615}
  m_PrefabAsset: {fileID: 0}
--- !u!1001 &2700184182376889346
PrefabInstance:
  m_ObjectHideFlags: 0
  serializedVersion: 2
  m_Modification:
    m_TransformParent: {fileID: 6594140851743688614}
    m_Modifications:
    - target: {fileID: 6080657348088445442, guid: 0f85a9b95efe0c940b1a7ed2fafe4c70, type: 3}
      propertyPath: m_RootOrder
      value: 7
      objectReference: {fileID: 0}
    - target: {fileID: 6080657348088445442, guid: 0f85a9b95efe0c940b1a7ed2fafe4c70, type: 3}
      propertyPath: m_LocalPosition.x
      value: 4
      objectReference: {fileID: 0}
    - target: {fileID: 6080657348088445442, guid: 0f85a9b95efe0c940b1a7ed2fafe4c70, type: 3}
      propertyPath: m_LocalPosition.y
      value: 0
      objectReference: {fileID: 0}
    - target: {fileID: 6080657348088445442, guid: 0f85a9b95efe0c940b1a7ed2fafe4c70, type: 3}
      propertyPath: m_LocalPosition.z
      value: 15
      objectReference: {fileID: 0}
    - target: {fileID: 6080657348088445442, guid: 0f85a9b95efe0c940b1a7ed2fafe4c70, type: 3}
      propertyPath: m_LocalRotation.w
      value: 1
      objectReference: {fileID: 0}
    - target: {fileID: 6080657348088445442, guid: 0f85a9b95efe0c940b1a7ed2fafe4c70, type: 3}
      propertyPath: m_LocalRotation.x
      value: -0
      objectReference: {fileID: 0}
    - target: {fileID: 6080657348088445442, guid: 0f85a9b95efe0c940b1a7ed2fafe4c70, type: 3}
      propertyPath: m_LocalRotation.y
      value: -0
      objectReference: {fileID: 0}
    - target: {fileID: 6080657348088445442, guid: 0f85a9b95efe0c940b1a7ed2fafe4c70, type: 3}
      propertyPath: m_LocalRotation.z
      value: -0
      objectReference: {fileID: 0}
    - target: {fileID: 6080657348088445442, guid: 0f85a9b95efe0c940b1a7ed2fafe4c70, type: 3}
      propertyPath: m_LocalEulerAnglesHint.x
      value: 0
      objectReference: {fileID: 0}
    - target: {fileID: 6080657348088445442, guid: 0f85a9b95efe0c940b1a7ed2fafe4c70, type: 3}
      propertyPath: m_LocalEulerAnglesHint.y
      value: 0
      objectReference: {fileID: 0}
    - target: {fileID: 6080657348088445442, guid: 0f85a9b95efe0c940b1a7ed2fafe4c70, type: 3}
      propertyPath: m_LocalEulerAnglesHint.z
      value: 0
      objectReference: {fileID: 0}
    - target: {fileID: 6080657348088445452, guid: 0f85a9b95efe0c940b1a7ed2fafe4c70, type: 3}
      propertyPath: m_Name
      value: Goblin (4)
      objectReference: {fileID: 0}
    m_RemovedComponents: []
  m_SourcePrefab: {fileID: 100100000, guid: 0f85a9b95efe0c940b1a7ed2fafe4c70, type: 3}
--- !u!4 &8149877676440405504 stripped
Transform:
  m_CorrespondingSourceObject: {fileID: 6080657348088445442, guid: 0f85a9b95efe0c940b1a7ed2fafe4c70, type: 3}
  m_PrefabInstance: {fileID: 2700184182376889346}
  m_PrefabAsset: {fileID: 0}
--- !u!1001 &3151917626069205633
PrefabInstance:
  m_ObjectHideFlags: 0
  serializedVersion: 2
  m_Modification:
    m_TransformParent: {fileID: 6594140851743688614}
    m_Modifications:
    - target: {fileID: 6080657348088445442, guid: 0f85a9b95efe0c940b1a7ed2fafe4c70, type: 3}
      propertyPath: m_RootOrder
      value: 8
      objectReference: {fileID: 0}
    - target: {fileID: 6080657348088445442, guid: 0f85a9b95efe0c940b1a7ed2fafe4c70, type: 3}
      propertyPath: m_LocalPosition.x
      value: 3
      objectReference: {fileID: 0}
    - target: {fileID: 6080657348088445442, guid: 0f85a9b95efe0c940b1a7ed2fafe4c70, type: 3}
      propertyPath: m_LocalPosition.y
      value: 0
      objectReference: {fileID: 0}
    - target: {fileID: 6080657348088445442, guid: 0f85a9b95efe0c940b1a7ed2fafe4c70, type: 3}
      propertyPath: m_LocalPosition.z
      value: 12
      objectReference: {fileID: 0}
    - target: {fileID: 6080657348088445442, guid: 0f85a9b95efe0c940b1a7ed2fafe4c70, type: 3}
      propertyPath: m_LocalRotation.w
      value: 1
      objectReference: {fileID: 0}
    - target: {fileID: 6080657348088445442, guid: 0f85a9b95efe0c940b1a7ed2fafe4c70, type: 3}
      propertyPath: m_LocalRotation.x
      value: -0
      objectReference: {fileID: 0}
    - target: {fileID: 6080657348088445442, guid: 0f85a9b95efe0c940b1a7ed2fafe4c70, type: 3}
      propertyPath: m_LocalRotation.y
      value: -0
      objectReference: {fileID: 0}
    - target: {fileID: 6080657348088445442, guid: 0f85a9b95efe0c940b1a7ed2fafe4c70, type: 3}
      propertyPath: m_LocalRotation.z
      value: -0
      objectReference: {fileID: 0}
    - target: {fileID: 6080657348088445442, guid: 0f85a9b95efe0c940b1a7ed2fafe4c70, type: 3}
      propertyPath: m_LocalEulerAnglesHint.x
      value: 0
      objectReference: {fileID: 0}
    - target: {fileID: 6080657348088445442, guid: 0f85a9b95efe0c940b1a7ed2fafe4c70, type: 3}
      propertyPath: m_LocalEulerAnglesHint.y
      value: 0
      objectReference: {fileID: 0}
    - target: {fileID: 6080657348088445442, guid: 0f85a9b95efe0c940b1a7ed2fafe4c70, type: 3}
      propertyPath: m_LocalEulerAnglesHint.z
      value: 0
      objectReference: {fileID: 0}
    - target: {fileID: 6080657348088445452, guid: 0f85a9b95efe0c940b1a7ed2fafe4c70, type: 3}
      propertyPath: m_Name
      value: Goblin (3)
      objectReference: {fileID: 0}
    m_RemovedComponents: []
  m_SourcePrefab: {fileID: 100100000, guid: 0f85a9b95efe0c940b1a7ed2fafe4c70, type: 3}
--- !u!4 &9214094107264940163 stripped
Transform:
  m_CorrespondingSourceObject: {fileID: 6080657348088445442, guid: 0f85a9b95efe0c940b1a7ed2fafe4c70, type: 3}
  m_PrefabInstance: {fileID: 3151917626069205633}
  m_PrefabAsset: {fileID: 0}
--- !u!1001 &3384815495044657909
PrefabInstance:
  m_ObjectHideFlags: 0
  serializedVersion: 2
  m_Modification:
    m_TransformParent: {fileID: 6594140852182271987}
    m_Modifications:
    - target: {fileID: 1730826847781015170, guid: 91085dbca4261af48b36d4feedd4e403, type: 3}
      propertyPath: m_Name
      value: Stalagmit
      objectReference: {fileID: 0}
    - target: {fileID: 2125986503860315290, guid: 91085dbca4261af48b36d4feedd4e403, type: 3}
      propertyPath: m_RootOrder
      value: 4
      objectReference: {fileID: 0}
    - target: {fileID: 2125986503860315290, guid: 91085dbca4261af48b36d4feedd4e403, type: 3}
      propertyPath: m_LocalPosition.x
      value: 3
      objectReference: {fileID: 0}
    - target: {fileID: 2125986503860315290, guid: 91085dbca4261af48b36d4feedd4e403, type: 3}
      propertyPath: m_LocalPosition.y
      value: 0
      objectReference: {fileID: 0}
    - target: {fileID: 2125986503860315290, guid: 91085dbca4261af48b36d4feedd4e403, type: 3}
      propertyPath: m_LocalPosition.z
      value: 7
      objectReference: {fileID: 0}
    - target: {fileID: 2125986503860315290, guid: 91085dbca4261af48b36d4feedd4e403, type: 3}
      propertyPath: m_LocalRotation.w
      value: 1
      objectReference: {fileID: 0}
    - target: {fileID: 2125986503860315290, guid: 91085dbca4261af48b36d4feedd4e403, type: 3}
      propertyPath: m_LocalRotation.x
      value: -0
      objectReference: {fileID: 0}
    - target: {fileID: 2125986503860315290, guid: 91085dbca4261af48b36d4feedd4e403, type: 3}
      propertyPath: m_LocalRotation.y
      value: -0
      objectReference: {fileID: 0}
    - target: {fileID: 2125986503860315290, guid: 91085dbca4261af48b36d4feedd4e403, type: 3}
      propertyPath: m_LocalRotation.z
      value: -0
      objectReference: {fileID: 0}
    - target: {fileID: 2125986503860315290, guid: 91085dbca4261af48b36d4feedd4e403, type: 3}
      propertyPath: m_LocalEulerAnglesHint.x
      value: 0
      objectReference: {fileID: 0}
    - target: {fileID: 2125986503860315290, guid: 91085dbca4261af48b36d4feedd4e403, type: 3}
      propertyPath: m_LocalEulerAnglesHint.y
      value: 0
      objectReference: {fileID: 0}
    - target: {fileID: 2125986503860315290, guid: 91085dbca4261af48b36d4feedd4e403, type: 3}
      propertyPath: m_LocalEulerAnglesHint.z
      value: 0
      objectReference: {fileID: 0}
    m_RemovedComponents: []
  m_SourcePrefab: {fileID: 100100000, guid: 91085dbca4261af48b36d4feedd4e403, type: 3}
--- !u!4 &3708787635267933807 stripped
Transform:
  m_CorrespondingSourceObject: {fileID: 2125986503860315290, guid: 91085dbca4261af48b36d4feedd4e403, type: 3}
  m_PrefabInstance: {fileID: 3384815495044657909}
  m_PrefabAsset: {fileID: 0}
--- !u!1001 &4256025735917683481
PrefabInstance:
  m_ObjectHideFlags: 0
  serializedVersion: 2
  m_Modification:
    m_TransformParent: {fileID: 6594140850270914185}
    m_Modifications:
    - target: {fileID: 6959021235198999456, guid: 24930177a95ad5a40a1271609f2ee2c4, type: 3}
      propertyPath: m_RootOrder
      value: 0
      objectReference: {fileID: 0}
    - target: {fileID: 6959021235198999456, guid: 24930177a95ad5a40a1271609f2ee2c4, type: 3}
      propertyPath: m_LocalPosition.x
      value: 0
      objectReference: {fileID: 0}
    - target: {fileID: 6959021235198999456, guid: 24930177a95ad5a40a1271609f2ee2c4, type: 3}
      propertyPath: m_LocalPosition.y
      value: 0
      objectReference: {fileID: 0}
    - target: {fileID: 6959021235198999456, guid: 24930177a95ad5a40a1271609f2ee2c4, type: 3}
      propertyPath: m_LocalPosition.z
      value: 5
      objectReference: {fileID: 0}
    - target: {fileID: 6959021235198999456, guid: 24930177a95ad5a40a1271609f2ee2c4, type: 3}
      propertyPath: m_LocalRotation.w
      value: 1
      objectReference: {fileID: 0}
    - target: {fileID: 6959021235198999456, guid: 24930177a95ad5a40a1271609f2ee2c4, type: 3}
      propertyPath: m_LocalRotation.x
      value: -0
      objectReference: {fileID: 0}
    - target: {fileID: 6959021235198999456, guid: 24930177a95ad5a40a1271609f2ee2c4, type: 3}
      propertyPath: m_LocalRotation.y
      value: -0
      objectReference: {fileID: 0}
    - target: {fileID: 6959021235198999456, guid: 24930177a95ad5a40a1271609f2ee2c4, type: 3}
      propertyPath: m_LocalRotation.z
      value: -0
      objectReference: {fileID: 0}
    - target: {fileID: 6959021235198999456, guid: 24930177a95ad5a40a1271609f2ee2c4, type: 3}
      propertyPath: m_LocalEulerAnglesHint.x
      value: 0
      objectReference: {fileID: 0}
    - target: {fileID: 6959021235198999456, guid: 24930177a95ad5a40a1271609f2ee2c4, type: 3}
      propertyPath: m_LocalEulerAnglesHint.y
      value: 0
      objectReference: {fileID: 0}
    - target: {fileID: 6959021235198999456, guid: 24930177a95ad5a40a1271609f2ee2c4, type: 3}
      propertyPath: m_LocalEulerAnglesHint.z
      value: 0
      objectReference: {fileID: 0}
    - target: {fileID: 6959021235198999468, guid: 24930177a95ad5a40a1271609f2ee2c4, type: 3}
      propertyPath: m_Name
      value: Plane1
      objectReference: {fileID: 0}
    m_RemovedComponents: []
  m_SourcePrefab: {fileID: 100100000, guid: 24930177a95ad5a40a1271609f2ee2c4, type: 3}
--- !u!4 &6594140851895859385 stripped
Transform:
  m_CorrespondingSourceObject: {fileID: 6959021235198999456, guid: 24930177a95ad5a40a1271609f2ee2c4, type: 3}
  m_PrefabInstance: {fileID: 4256025735917683481}
  m_PrefabAsset: {fileID: 0}
--- !u!1001 &4391550251136466789
PrefabInstance:
  m_ObjectHideFlags: 0
  serializedVersion: 2
  m_Modification:
    m_TransformParent: {fileID: 6594140851844177167}
    m_Modifications:
    - target: {fileID: 8334057703640532360, guid: adcf933cd18dd93448f3dc7e09d9d004, type: 3}
      propertyPath: m_text
      value: 1
      objectReference: {fileID: 0}
    - target: {fileID: 8334057703999976784, guid: adcf933cd18dd93448f3dc7e09d9d004, type: 3}
      propertyPath: _level
      value: 1
      objectReference: {fileID: 0}
    - target: {fileID: 8334057703999976785, guid: adcf933cd18dd93448f3dc7e09d9d004, type: 3}
      propertyPath: _level
      value: 1
      objectReference: {fileID: 0}
    - target: {fileID: 8334057703999976786, guid: adcf933cd18dd93448f3dc7e09d9d004, type: 3}
      propertyPath: m_Name
      value: BlueLargeStone
      objectReference: {fileID: 0}
    - target: {fileID: 8334057703999976787, guid: adcf933cd18dd93448f3dc7e09d9d004, type: 3}
      propertyPath: m_RootOrder
      value: 0
      objectReference: {fileID: 0}
    - target: {fileID: 8334057703999976787, guid: adcf933cd18dd93448f3dc7e09d9d004, type: 3}
      propertyPath: m_LocalPosition.x
      value: 5
      objectReference: {fileID: 0}
    - target: {fileID: 8334057703999976787, guid: adcf933cd18dd93448f3dc7e09d9d004, type: 3}
      propertyPath: m_LocalPosition.y
      value: 0
      objectReference: {fileID: 0}
    - target: {fileID: 8334057703999976787, guid: adcf933cd18dd93448f3dc7e09d9d004, type: 3}
      propertyPath: m_LocalPosition.z
      value: 11
      objectReference: {fileID: 0}
    - target: {fileID: 8334057703999976787, guid: adcf933cd18dd93448f3dc7e09d9d004, type: 3}
      propertyPath: m_LocalRotation.w
      value: 1
      objectReference: {fileID: 0}
    - target: {fileID: 8334057703999976787, guid: adcf933cd18dd93448f3dc7e09d9d004, type: 3}
      propertyPath: m_LocalRotation.x
      value: 0
      objectReference: {fileID: 0}
    - target: {fileID: 8334057703999976787, guid: adcf933cd18dd93448f3dc7e09d9d004, type: 3}
      propertyPath: m_LocalRotation.y
      value: 0
      objectReference: {fileID: 0}
    - target: {fileID: 8334057703999976787, guid: adcf933cd18dd93448f3dc7e09d9d004, type: 3}
      propertyPath: m_LocalRotation.z
      value: 0
      objectReference: {fileID: 0}
    - target: {fileID: 8334057703999976787, guid: adcf933cd18dd93448f3dc7e09d9d004, type: 3}
      propertyPath: m_LocalEulerAnglesHint.x
      value: 0
      objectReference: {fileID: 0}
    - target: {fileID: 8334057703999976787, guid: adcf933cd18dd93448f3dc7e09d9d004, type: 3}
      propertyPath: m_LocalEulerAnglesHint.y
      value: 0
      objectReference: {fileID: 0}
    - target: {fileID: 8334057703999976787, guid: adcf933cd18dd93448f3dc7e09d9d004, type: 3}
      propertyPath: m_LocalEulerAnglesHint.z
      value: 0
      objectReference: {fileID: 0}
    m_RemovedComponents: []
  m_SourcePrefab: {fileID: 100100000, guid: adcf933cd18dd93448f3dc7e09d9d004, type: 3}
--- !u!4 &5717723234372323894 stripped
Transform:
  m_CorrespondingSourceObject: {fileID: 8334057703999976787, guid: adcf933cd18dd93448f3dc7e09d9d004, type: 3}
  m_PrefabInstance: {fileID: 4391550251136466789}
  m_PrefabAsset: {fileID: 0}
--- !u!1001 &4655140413280464614
PrefabInstance:
  m_ObjectHideFlags: 0
  serializedVersion: 2
  m_Modification:
    m_TransformParent: {fileID: 6594140851743688614}
    m_Modifications:
    - target: {fileID: 3600834741360938697, guid: c9ec0f761f841784baced3c8f589f067, type: 3}
      propertyPath: m_Name
      value: Deco_Filler3x2v1L
      objectReference: {fileID: 0}
    - target: {fileID: 4229843987311367283, guid: c9ec0f761f841784baced3c8f589f067, type: 3}
      propertyPath: m_RootOrder
      value: 16
      objectReference: {fileID: 0}
    - target: {fileID: 4229843987311367283, guid: c9ec0f761f841784baced3c8f589f067, type: 3}
      propertyPath: m_LocalPosition.x
      value: 7
      objectReference: {fileID: 0}
    - target: {fileID: 4229843987311367283, guid: c9ec0f761f841784baced3c8f589f067, type: 3}
      propertyPath: m_LocalPosition.y
      value: 0
      objectReference: {fileID: 0}
    - target: {fileID: 4229843987311367283, guid: c9ec0f761f841784baced3c8f589f067, type: 3}
      propertyPath: m_LocalPosition.z
      value: 5
      objectReference: {fileID: 0}
    - target: {fileID: 4229843987311367283, guid: c9ec0f761f841784baced3c8f589f067, type: 3}
      propertyPath: m_LocalRotation.w
      value: 1
      objectReference: {fileID: 0}
    - target: {fileID: 4229843987311367283, guid: c9ec0f761f841784baced3c8f589f067, type: 3}
      propertyPath: m_LocalRotation.x
      value: -0
      objectReference: {fileID: 0}
    - target: {fileID: 4229843987311367283, guid: c9ec0f761f841784baced3c8f589f067, type: 3}
      propertyPath: m_LocalRotation.y
      value: -0
      objectReference: {fileID: 0}
    - target: {fileID: 4229843987311367283, guid: c9ec0f761f841784baced3c8f589f067, type: 3}
      propertyPath: m_LocalRotation.z
      value: -0
      objectReference: {fileID: 0}
    - target: {fileID: 4229843987311367283, guid: c9ec0f761f841784baced3c8f589f067, type: 3}
      propertyPath: m_LocalEulerAnglesHint.x
      value: 0
      objectReference: {fileID: 0}
    - target: {fileID: 4229843987311367283, guid: c9ec0f761f841784baced3c8f589f067, type: 3}
      propertyPath: m_LocalEulerAnglesHint.y
      value: 0
      objectReference: {fileID: 0}
    - target: {fileID: 4229843987311367283, guid: c9ec0f761f841784baced3c8f589f067, type: 3}
      propertyPath: m_LocalEulerAnglesHint.z
      value: 0
      objectReference: {fileID: 0}
    m_RemovedComponents: []
  m_SourcePrefab: {fileID: 100100000, guid: c9ec0f761f841784baced3c8f589f067, type: 3}
--- !u!4 &8802581483628903061 stripped
Transform:
  m_CorrespondingSourceObject: {fileID: 4229843987311367283, guid: c9ec0f761f841784baced3c8f589f067, type: 3}
  m_PrefabInstance: {fileID: 4655140413280464614}
  m_PrefabAsset: {fileID: 0}
--- !u!1001 &5692406386435953072
PrefabInstance:
  m_ObjectHideFlags: 0
  serializedVersion: 2
  m_Modification:
    m_TransformParent: {fileID: 6594140851844177167}
    m_Modifications:
    - target: {fileID: 1033614500920091681, guid: 86ee2c37db5cf3a4eae09a97ceefab92, type: 3}
      propertyPath: m_text
      value: 1
      objectReference: {fileID: 0}
    - target: {fileID: 1033614500954713804, guid: 86ee2c37db5cf3a4eae09a97ceefab92, type: 3}
      propertyPath: _level
      value: 1
      objectReference: {fileID: 0}
    - target: {fileID: 1033614500954713805, guid: 86ee2c37db5cf3a4eae09a97ceefab92, type: 3}
      propertyPath: _level
      value: 1
      objectReference: {fileID: 0}
    - target: {fileID: 1033614500954713810, guid: 86ee2c37db5cf3a4eae09a97ceefab92, type: 3}
      propertyPath: m_Name
      value: GreenSmallStone
      objectReference: {fileID: 0}
    - target: {fileID: 1033614500954713811, guid: 86ee2c37db5cf3a4eae09a97ceefab92, type: 3}
      propertyPath: m_RootOrder
      value: 1
      objectReference: {fileID: 0}
    - target: {fileID: 1033614500954713811, guid: 86ee2c37db5cf3a4eae09a97ceefab92, type: 3}
      propertyPath: m_LocalPosition.x
      value: 4
      objectReference: {fileID: 0}
    - target: {fileID: 1033614500954713811, guid: 86ee2c37db5cf3a4eae09a97ceefab92, type: 3}
      propertyPath: m_LocalPosition.y
      value: 0
      objectReference: {fileID: 0}
    - target: {fileID: 1033614500954713811, guid: 86ee2c37db5cf3a4eae09a97ceefab92, type: 3}
      propertyPath: m_LocalPosition.z
      value: 10
      objectReference: {fileID: 0}
    - target: {fileID: 1033614500954713811, guid: 86ee2c37db5cf3a4eae09a97ceefab92, type: 3}
      propertyPath: m_LocalRotation.w
      value: 1
      objectReference: {fileID: 0}
    - target: {fileID: 1033614500954713811, guid: 86ee2c37db5cf3a4eae09a97ceefab92, type: 3}
      propertyPath: m_LocalRotation.x
      value: 0
      objectReference: {fileID: 0}
    - target: {fileID: 1033614500954713811, guid: 86ee2c37db5cf3a4eae09a97ceefab92, type: 3}
      propertyPath: m_LocalRotation.y
      value: 0
      objectReference: {fileID: 0}
    - target: {fileID: 1033614500954713811, guid: 86ee2c37db5cf3a4eae09a97ceefab92, type: 3}
      propertyPath: m_LocalRotation.z
      value: 0
      objectReference: {fileID: 0}
    - target: {fileID: 1033614500954713811, guid: 86ee2c37db5cf3a4eae09a97ceefab92, type: 3}
      propertyPath: m_LocalEulerAnglesHint.x
      value: 0
      objectReference: {fileID: 0}
    - target: {fileID: 1033614500954713811, guid: 86ee2c37db5cf3a4eae09a97ceefab92, type: 3}
      propertyPath: m_LocalEulerAnglesHint.y
      value: 0
      objectReference: {fileID: 0}
    - target: {fileID: 1033614500954713811, guid: 86ee2c37db5cf3a4eae09a97ceefab92, type: 3}
      propertyPath: m_LocalEulerAnglesHint.z
      value: 0
      objectReference: {fileID: 0}
    m_RemovedComponents: []
  m_SourcePrefab: {fileID: 100100000, guid: 86ee2c37db5cf3a4eae09a97ceefab92, type: 3}
--- !u!4 &4658797460619476835 stripped
Transform:
  m_CorrespondingSourceObject: {fileID: 1033614500954713811, guid: 86ee2c37db5cf3a4eae09a97ceefab92, type: 3}
  m_PrefabInstance: {fileID: 5692406386435953072}
  m_PrefabAsset: {fileID: 0}
--- !u!1001 &6026119231698077129
PrefabInstance:
  m_ObjectHideFlags: 0
  serializedVersion: 2
  m_Modification:
    m_TransformParent: {fileID: 6594140851743688614}
    m_Modifications:
    - target: {fileID: 144719702957165882, guid: 5fba5b6e78304b2459b258a4cca28b3d, type: 3}
      propertyPath: _level
      value: 1
      objectReference: {fileID: 0}
    - target: {fileID: 3743035060453898035, guid: 5fba5b6e78304b2459b258a4cca28b3d, type: 3}
      propertyPath: m_Name
      value: checkpoint
      objectReference: {fileID: 0}
    - target: {fileID: 4087647930807201161, guid: 5fba5b6e78304b2459b258a4cca28b3d, type: 3}
      propertyPath: m_RootOrder
      value: 12
      objectReference: {fileID: 0}
    - target: {fileID: 4087647930807201161, guid: 5fba5b6e78304b2459b258a4cca28b3d, type: 3}
      propertyPath: m_LocalPosition.x
      value: 5
      objectReference: {fileID: 0}
    - target: {fileID: 4087647930807201161, guid: 5fba5b6e78304b2459b258a4cca28b3d, type: 3}
      propertyPath: m_LocalPosition.y
      value: 0
      objectReference: {fileID: 0}
    - target: {fileID: 4087647930807201161, guid: 5fba5b6e78304b2459b258a4cca28b3d, type: 3}
      propertyPath: m_LocalPosition.z
      value: 13
      objectReference: {fileID: 0}
    - target: {fileID: 4087647930807201161, guid: 5fba5b6e78304b2459b258a4cca28b3d, type: 3}
      propertyPath: m_LocalRotation.w
      value: 1
      objectReference: {fileID: 0}
    - target: {fileID: 4087647930807201161, guid: 5fba5b6e78304b2459b258a4cca28b3d, type: 3}
      propertyPath: m_LocalRotation.x
      value: -0
      objectReference: {fileID: 0}
    - target: {fileID: 4087647930807201161, guid: 5fba5b6e78304b2459b258a4cca28b3d, type: 3}
      propertyPath: m_LocalRotation.y
      value: -0
      objectReference: {fileID: 0}
    - target: {fileID: 4087647930807201161, guid: 5fba5b6e78304b2459b258a4cca28b3d, type: 3}
      propertyPath: m_LocalRotation.z
      value: -0
      objectReference: {fileID: 0}
    - target: {fileID: 4087647930807201161, guid: 5fba5b6e78304b2459b258a4cca28b3d, type: 3}
      propertyPath: m_LocalEulerAnglesHint.x
      value: 0
      objectReference: {fileID: 0}
    - target: {fileID: 4087647930807201161, guid: 5fba5b6e78304b2459b258a4cca28b3d, type: 3}
      propertyPath: m_LocalEulerAnglesHint.y
      value: 0
      objectReference: {fileID: 0}
    - target: {fileID: 4087647930807201161, guid: 5fba5b6e78304b2459b258a4cca28b3d, type: 3}
      propertyPath: m_LocalEulerAnglesHint.z
      value: 0
      objectReference: {fileID: 0}
    - target: {fileID: 4596485247669364349, guid: 5fba5b6e78304b2459b258a4cca28b3d, type: 3}
      propertyPath: m_text
      value: 1
      objectReference: {fileID: 0}
    - target: {fileID: 5043481281922027317, guid: 5fba5b6e78304b2459b258a4cca28b3d, type: 3}
      propertyPath: _level
      value: 1
      objectReference: {fileID: 0}
    m_RemovedComponents: []
  m_SourcePrefab: {fileID: 100100000, guid: 5fba5b6e78304b2459b258a4cca28b3d, type: 3}
--- !u!4 &7717812558913873984 stripped
Transform:
  m_CorrespondingSourceObject: {fileID: 4087647930807201161, guid: 5fba5b6e78304b2459b258a4cca28b3d, type: 3}
  m_PrefabInstance: {fileID: 6026119231698077129}
  m_PrefabAsset: {fileID: 0}
--- !u!1001 &6104769845600477635
PrefabInstance:
  m_ObjectHideFlags: 0
  serializedVersion: 2
  m_Modification:
    m_TransformParent: {fileID: 6594140850270914185}
    m_Modifications:
    - target: {fileID: 6959021235198999456, guid: 24930177a95ad5a40a1271609f2ee2c4, type: 3}
      propertyPath: m_RootOrder
      value: 2
      objectReference: {fileID: 0}
    - target: {fileID: 6959021235198999456, guid: 24930177a95ad5a40a1271609f2ee2c4, type: 3}
      propertyPath: m_LocalPosition.x
      value: 0
      objectReference: {fileID: 0}
    - target: {fileID: 6959021235198999456, guid: 24930177a95ad5a40a1271609f2ee2c4, type: 3}
      propertyPath: m_LocalPosition.y
      value: 0
      objectReference: {fileID: 0}
    - target: {fileID: 6959021235198999456, guid: 24930177a95ad5a40a1271609f2ee2c4, type: 3}
      propertyPath: m_LocalPosition.z
      value: 25
      objectReference: {fileID: 0}
    - target: {fileID: 6959021235198999456, guid: 24930177a95ad5a40a1271609f2ee2c4, type: 3}
      propertyPath: m_LocalRotation.w
      value: 1
      objectReference: {fileID: 0}
    - target: {fileID: 6959021235198999456, guid: 24930177a95ad5a40a1271609f2ee2c4, type: 3}
      propertyPath: m_LocalRotation.x
      value: 0
      objectReference: {fileID: 0}
    - target: {fileID: 6959021235198999456, guid: 24930177a95ad5a40a1271609f2ee2c4, type: 3}
      propertyPath: m_LocalRotation.y
      value: 0
      objectReference: {fileID: 0}
    - target: {fileID: 6959021235198999456, guid: 24930177a95ad5a40a1271609f2ee2c4, type: 3}
      propertyPath: m_LocalRotation.z
      value: 0
      objectReference: {fileID: 0}
    - target: {fileID: 6959021235198999456, guid: 24930177a95ad5a40a1271609f2ee2c4, type: 3}
      propertyPath: m_LocalEulerAnglesHint.x
      value: 0
      objectReference: {fileID: 0}
    - target: {fileID: 6959021235198999456, guid: 24930177a95ad5a40a1271609f2ee2c4, type: 3}
      propertyPath: m_LocalEulerAnglesHint.y
      value: 0
      objectReference: {fileID: 0}
    - target: {fileID: 6959021235198999456, guid: 24930177a95ad5a40a1271609f2ee2c4, type: 3}
      propertyPath: m_LocalEulerAnglesHint.z
      value: 0
      objectReference: {fileID: 0}
    - target: {fileID: 6959021235198999468, guid: 24930177a95ad5a40a1271609f2ee2c4, type: 3}
      propertyPath: m_Name
      value: PlaneGround (1)
      objectReference: {fileID: 0}
    m_RemovedComponents: []
  m_SourcePrefab: {fileID: 100100000, guid: 24930177a95ad5a40a1271609f2ee2c4, type: 3}
--- !u!4 &3759123765525994083 stripped
Transform:
  m_CorrespondingSourceObject: {fileID: 6959021235198999456, guid: 24930177a95ad5a40a1271609f2ee2c4, type: 3}
  m_PrefabInstance: {fileID: 6104769845600477635}
  m_PrefabAsset: {fileID: 0}
--- !u!1001 &6134480645471114152
PrefabInstance:
  m_ObjectHideFlags: 0
  serializedVersion: 2
  m_Modification:
    m_TransformParent: {fileID: 6594140852182271987}
    m_Modifications:
    - target: {fileID: 5253264748669261647, guid: b2698b3e70dc3d1429d61ff1519e529e, type: 3}
      propertyPath: m_Name
      value: WaterfallRight
      objectReference: {fileID: 0}
    - target: {fileID: 7937205731436380519, guid: b2698b3e70dc3d1429d61ff1519e529e, type: 3}
      propertyPath: m_RootOrder
      value: 5
      objectReference: {fileID: 0}
    - target: {fileID: 7937205731436380519, guid: b2698b3e70dc3d1429d61ff1519e529e, type: 3}
      propertyPath: m_LocalPosition.x
      value: 8
      objectReference: {fileID: 0}
    - target: {fileID: 7937205731436380519, guid: b2698b3e70dc3d1429d61ff1519e529e, type: 3}
      propertyPath: m_LocalPosition.y
      value: 0
      objectReference: {fileID: 0}
    - target: {fileID: 7937205731436380519, guid: b2698b3e70dc3d1429d61ff1519e529e, type: 3}
      propertyPath: m_LocalPosition.z
      value: 13
      objectReference: {fileID: 0}
    - target: {fileID: 7937205731436380519, guid: b2698b3e70dc3d1429d61ff1519e529e, type: 3}
      propertyPath: m_LocalRotation.w
      value: 1
      objectReference: {fileID: 0}
    - target: {fileID: 7937205731436380519, guid: b2698b3e70dc3d1429d61ff1519e529e, type: 3}
      propertyPath: m_LocalRotation.x
      value: -0
      objectReference: {fileID: 0}
    - target: {fileID: 7937205731436380519, guid: b2698b3e70dc3d1429d61ff1519e529e, type: 3}
      propertyPath: m_LocalRotation.y
      value: -0
      objectReference: {fileID: 0}
    - target: {fileID: 7937205731436380519, guid: b2698b3e70dc3d1429d61ff1519e529e, type: 3}
      propertyPath: m_LocalRotation.z
      value: -0
      objectReference: {fileID: 0}
    - target: {fileID: 7937205731436380519, guid: b2698b3e70dc3d1429d61ff1519e529e, type: 3}
      propertyPath: m_LocalEulerAnglesHint.x
      value: 0
      objectReference: {fileID: 0}
    - target: {fileID: 7937205731436380519, guid: b2698b3e70dc3d1429d61ff1519e529e, type: 3}
      propertyPath: m_LocalEulerAnglesHint.y
      value: 0
      objectReference: {fileID: 0}
    - target: {fileID: 7937205731436380519, guid: b2698b3e70dc3d1429d61ff1519e529e, type: 3}
      propertyPath: m_LocalEulerAnglesHint.z
      value: 0
      objectReference: {fileID: 0}
    m_RemovedComponents: []
  m_SourcePrefab: {fileID: 100100000, guid: b2698b3e70dc3d1429d61ff1519e529e, type: 3}
--- !u!4 &4252685758514942671 stripped
Transform:
  m_CorrespondingSourceObject: {fileID: 7937205731436380519, guid: b2698b3e70dc3d1429d61ff1519e529e, type: 3}
  m_PrefabInstance: {fileID: 6134480645471114152}
  m_PrefabAsset: {fileID: 0}
--- !u!1001 &6285576205349985399
PrefabInstance:
  m_ObjectHideFlags: 0
  serializedVersion: 2
  m_Modification:
    m_TransformParent: {fileID: 6594140851844177167}
    m_Modifications:
    - target: {fileID: 2806417686556103421, guid: 15902c525717d7242b5f1aa1a0ce39ff, type: 3}
      propertyPath: m_RootOrder
      value: 3
      objectReference: {fileID: 0}
    - target: {fileID: 2806417686556103421, guid: 15902c525717d7242b5f1aa1a0ce39ff, type: 3}
      propertyPath: m_LocalPosition.x
      value: 4
      objectReference: {fileID: 0}
    - target: {fileID: 2806417686556103421, guid: 15902c525717d7242b5f1aa1a0ce39ff, type: 3}
      propertyPath: m_LocalPosition.y
      value: 0
      objectReference: {fileID: 0}
    - target: {fileID: 2806417686556103421, guid: 15902c525717d7242b5f1aa1a0ce39ff, type: 3}
      propertyPath: m_LocalPosition.z
      value: 6
      objectReference: {fileID: 0}
    - target: {fileID: 2806417686556103421, guid: 15902c525717d7242b5f1aa1a0ce39ff, type: 3}
      propertyPath: m_LocalRotation.w
      value: 1
      objectReference: {fileID: 0}
    - target: {fileID: 2806417686556103421, guid: 15902c525717d7242b5f1aa1a0ce39ff, type: 3}
      propertyPath: m_LocalRotation.x
      value: -0
      objectReference: {fileID: 0}
    - target: {fileID: 2806417686556103421, guid: 15902c525717d7242b5f1aa1a0ce39ff, type: 3}
      propertyPath: m_LocalRotation.y
      value: -0
      objectReference: {fileID: 0}
    - target: {fileID: 2806417686556103421, guid: 15902c525717d7242b5f1aa1a0ce39ff, type: 3}
      propertyPath: m_LocalRotation.z
      value: -0
      objectReference: {fileID: 0}
    - target: {fileID: 2806417686556103421, guid: 15902c525717d7242b5f1aa1a0ce39ff, type: 3}
      propertyPath: m_LocalEulerAnglesHint.x
      value: 0
      objectReference: {fileID: 0}
    - target: {fileID: 2806417686556103421, guid: 15902c525717d7242b5f1aa1a0ce39ff, type: 3}
      propertyPath: m_LocalEulerAnglesHint.y
      value: 0
      objectReference: {fileID: 0}
    - target: {fileID: 2806417686556103421, guid: 15902c525717d7242b5f1aa1a0ce39ff, type: 3}
      propertyPath: m_LocalEulerAnglesHint.z
      value: 0
      objectReference: {fileID: 0}
    - target: {fileID: 2806417686556103423, guid: 15902c525717d7242b5f1aa1a0ce39ff, type: 3}
      propertyPath: m_Name
      value: BaseRock (1)
      objectReference: {fileID: 0}
    m_RemovedComponents: []
  m_SourcePrefab: {fileID: 100100000, guid: 15902c525717d7242b5f1aa1a0ce39ff, type: 3}
--- !u!4 &8199010130227121802 stripped
Transform:
  m_CorrespondingSourceObject: {fileID: 2806417686556103421, guid: 15902c525717d7242b5f1aa1a0ce39ff, type: 3}
  m_PrefabInstance: {fileID: 6285576205349985399}
  m_PrefabAsset: {fileID: 0}
--- !u!1001 &6418147244743943194
PrefabInstance:
  m_ObjectHideFlags: 0
  serializedVersion: 2
  m_Modification:
    m_TransformParent: {fileID: 6594140851743688614}
    m_Modifications:
    - target: {fileID: 6080657348088445442, guid: 0f85a9b95efe0c940b1a7ed2fafe4c70, type: 3}
      propertyPath: m_RootOrder
      value: 11
      objectReference: {fileID: 0}
    - target: {fileID: 6080657348088445442, guid: 0f85a9b95efe0c940b1a7ed2fafe4c70, type: 3}
      propertyPath: m_LocalPosition.x
      value: 4
      objectReference: {fileID: 0}
    - target: {fileID: 6080657348088445442, guid: 0f85a9b95efe0c940b1a7ed2fafe4c70, type: 3}
      propertyPath: m_LocalPosition.y
      value: 0
      objectReference: {fileID: 0}
    - target: {fileID: 6080657348088445442, guid: 0f85a9b95efe0c940b1a7ed2fafe4c70, type: 3}
      propertyPath: m_LocalPosition.z
      value: 7
      objectReference: {fileID: 0}
    - target: {fileID: 6080657348088445442, guid: 0f85a9b95efe0c940b1a7ed2fafe4c70, type: 3}
      propertyPath: m_LocalRotation.w
      value: 1
      objectReference: {fileID: 0}
    - target: {fileID: 6080657348088445442, guid: 0f85a9b95efe0c940b1a7ed2fafe4c70, type: 3}
      propertyPath: m_LocalRotation.x
      value: -0
      objectReference: {fileID: 0}
    - target: {fileID: 6080657348088445442, guid: 0f85a9b95efe0c940b1a7ed2fafe4c70, type: 3}
      propertyPath: m_LocalRotation.y
      value: -0
      objectReference: {fileID: 0}
    - target: {fileID: 6080657348088445442, guid: 0f85a9b95efe0c940b1a7ed2fafe4c70, type: 3}
      propertyPath: m_LocalRotation.z
      value: -0
      objectReference: {fileID: 0}
    - target: {fileID: 6080657348088445442, guid: 0f85a9b95efe0c940b1a7ed2fafe4c70, type: 3}
      propertyPath: m_LocalEulerAnglesHint.x
      value: 0
      objectReference: {fileID: 0}
    - target: {fileID: 6080657348088445442, guid: 0f85a9b95efe0c940b1a7ed2fafe4c70, type: 3}
      propertyPath: m_LocalEulerAnglesHint.y
      value: 0
      objectReference: {fileID: 0}
    - target: {fileID: 6080657348088445442, guid: 0f85a9b95efe0c940b1a7ed2fafe4c70, type: 3}
      propertyPath: m_LocalEulerAnglesHint.z
      value: 0
      objectReference: {fileID: 0}
    - target: {fileID: 6080657348088445452, guid: 0f85a9b95efe0c940b1a7ed2fafe4c70, type: 3}
      propertyPath: m_Name
      value: Goblin
      objectReference: {fileID: 0}
    m_RemovedComponents: []
  m_SourcePrefab: {fileID: 100100000, guid: 0f85a9b95efe0c940b1a7ed2fafe4c70, type: 3}
--- !u!4 &969121979409063448 stripped
Transform:
  m_CorrespondingSourceObject: {fileID: 6080657348088445442, guid: 0f85a9b95efe0c940b1a7ed2fafe4c70, type: 3}
  m_PrefabInstance: {fileID: 6418147244743943194}
  m_PrefabAsset: {fileID: 0}
--- !u!1001 &6449986826796610905
PrefabInstance:
  m_ObjectHideFlags: 0
  serializedVersion: 2
  m_Modification:
    m_TransformParent: {fileID: 6594140851743688614}
    m_Modifications:
    - target: {fileID: -1874981821058849141, guid: 645b872ee994e3946a34e6f68f5933a1, type: 3}
      propertyPath: m_Enabled
      value: 0
      objectReference: {fileID: 0}
    - target: {fileID: 1730826847781015170, guid: 645b872ee994e3946a34e6f68f5933a1, type: 3}
      propertyPath: m_Name
      value: Evergreen1x1
      objectReference: {fileID: 0}
    - target: {fileID: 2125986503860315290, guid: 645b872ee994e3946a34e6f68f5933a1, type: 3}
      propertyPath: m_RootOrder
      value: 17
      objectReference: {fileID: 0}
    - target: {fileID: 2125986503860315290, guid: 645b872ee994e3946a34e6f68f5933a1, type: 3}
      propertyPath: m_LocalPosition.x
      value: 7.25
      objectReference: {fileID: 0}
    - target: {fileID: 2125986503860315290, guid: 645b872ee994e3946a34e6f68f5933a1, type: 3}
      propertyPath: m_LocalPosition.y
      value: 1.39
      objectReference: {fileID: 0}
    - target: {fileID: 2125986503860315290, guid: 645b872ee994e3946a34e6f68f5933a1, type: 3}
      propertyPath: m_LocalPosition.z
      value: 5
      objectReference: {fileID: 0}
    - target: {fileID: 2125986503860315290, guid: 645b872ee994e3946a34e6f68f5933a1, type: 3}
      propertyPath: m_LocalRotation.w
      value: 1
      objectReference: {fileID: 0}
    - target: {fileID: 2125986503860315290, guid: 645b872ee994e3946a34e6f68f5933a1, type: 3}
      propertyPath: m_LocalRotation.x
      value: -0
      objectReference: {fileID: 0}
    - target: {fileID: 2125986503860315290, guid: 645b872ee994e3946a34e6f68f5933a1, type: 3}
      propertyPath: m_LocalRotation.y
      value: -0
      objectReference: {fileID: 0}
    - target: {fileID: 2125986503860315290, guid: 645b872ee994e3946a34e6f68f5933a1, type: 3}
      propertyPath: m_LocalRotation.z
      value: -0
      objectReference: {fileID: 0}
    - target: {fileID: 2125986503860315290, guid: 645b872ee994e3946a34e6f68f5933a1, type: 3}
      propertyPath: m_LocalEulerAnglesHint.x
      value: 0
      objectReference: {fileID: 0}
    - target: {fileID: 2125986503860315290, guid: 645b872ee994e3946a34e6f68f5933a1, type: 3}
      propertyPath: m_LocalEulerAnglesHint.y
      value: 0
      objectReference: {fileID: 0}
    - target: {fileID: 2125986503860315290, guid: 645b872ee994e3946a34e6f68f5933a1, type: 3}
      propertyPath: m_LocalEulerAnglesHint.z
      value: 0
      objectReference: {fileID: 0}
    m_RemovedComponents: []
  m_SourcePrefab: {fileID: 100100000, guid: 645b872ee994e3946a34e6f68f5933a1, type: 3}
--- !u!4 &4901026550863319491 stripped
Transform:
  m_CorrespondingSourceObject: {fileID: 2125986503860315290, guid: 645b872ee994e3946a34e6f68f5933a1, type: 3}
  m_PrefabInstance: {fileID: 6449986826796610905}
  m_PrefabAsset: {fileID: 0}
--- !u!1001 &6919916047853724227
PrefabInstance:
  m_ObjectHideFlags: 0
  serializedVersion: 2
  m_Modification:
    m_TransformParent: {fileID: 6594140851743688614}
    m_Modifications:
    - target: {fileID: 3853535202151903956, guid: 1fd12d92e4892b04191e356c8f50e942, type: 3}
      propertyPath: m_Name
      value: exit
      objectReference: {fileID: 0}
    - target: {fileID: 4481452671173814382, guid: 1fd12d92e4892b04191e356c8f50e942, type: 3}
      propertyPath: m_RootOrder
      value: 13
      objectReference: {fileID: 0}
    - target: {fileID: 4481452671173814382, guid: 1fd12d92e4892b04191e356c8f50e942, type: 3}
      propertyPath: m_LocalPosition.x
      value: 5
      objectReference: {fileID: 0}
    - target: {fileID: 4481452671173814382, guid: 1fd12d92e4892b04191e356c8f50e942, type: 3}
      propertyPath: m_LocalPosition.y
      value: 0
      objectReference: {fileID: 0}
    - target: {fileID: 4481452671173814382, guid: 1fd12d92e4892b04191e356c8f50e942, type: 3}
      propertyPath: m_LocalPosition.z
      value: 16
      objectReference: {fileID: 0}
    - target: {fileID: 4481452671173814382, guid: 1fd12d92e4892b04191e356c8f50e942, type: 3}
      propertyPath: m_LocalRotation.w
      value: 1
      objectReference: {fileID: 0}
    - target: {fileID: 4481452671173814382, guid: 1fd12d92e4892b04191e356c8f50e942, type: 3}
      propertyPath: m_LocalRotation.x
      value: -0
      objectReference: {fileID: 0}
    - target: {fileID: 4481452671173814382, guid: 1fd12d92e4892b04191e356c8f50e942, type: 3}
      propertyPath: m_LocalRotation.y
      value: -0
      objectReference: {fileID: 0}
    - target: {fileID: 4481452671173814382, guid: 1fd12d92e4892b04191e356c8f50e942, type: 3}
      propertyPath: m_LocalRotation.z
      value: -0
      objectReference: {fileID: 0}
    - target: {fileID: 4481452671173814382, guid: 1fd12d92e4892b04191e356c8f50e942, type: 3}
      propertyPath: m_LocalEulerAnglesHint.x
      value: 0
      objectReference: {fileID: 0}
    - target: {fileID: 4481452671173814382, guid: 1fd12d92e4892b04191e356c8f50e942, type: 3}
      propertyPath: m_LocalEulerAnglesHint.y
      value: 0
      objectReference: {fileID: 0}
    - target: {fileID: 4481452671173814382, guid: 1fd12d92e4892b04191e356c8f50e942, type: 3}
      propertyPath: m_LocalEulerAnglesHint.z
      value: 0
      objectReference: {fileID: 0}
    m_RemovedComponents: []
  m_SourcePrefab: {fileID: 100100000, guid: 1fd12d92e4892b04191e356c8f50e942, type: 3}
--- !u!4 &6789505804754143789 stripped
Transform:
  m_CorrespondingSourceObject: {fileID: 4481452671173814382, guid: 1fd12d92e4892b04191e356c8f50e942, type: 3}
  m_PrefabInstance: {fileID: 6919916047853724227}
  m_PrefabAsset: {fileID: 0}
--- !u!1001 &7186434823381299545
PrefabInstance:
  m_ObjectHideFlags: 0
  serializedVersion: 2
  m_Modification:
    m_TransformParent: {fileID: 6594140850270914185}
    m_Modifications:
    - target: {fileID: 6959021235198999456, guid: 24930177a95ad5a40a1271609f2ee2c4, type: 3}
      propertyPath: m_RootOrder
      value: 1
      objectReference: {fileID: 0}
    - target: {fileID: 6959021235198999456, guid: 24930177a95ad5a40a1271609f2ee2c4, type: 3}
      propertyPath: m_LocalPosition.x
      value: 0
      objectReference: {fileID: 0}
    - target: {fileID: 6959021235198999456, guid: 24930177a95ad5a40a1271609f2ee2c4, type: 3}
      propertyPath: m_LocalPosition.y
      value: 0
      objectReference: {fileID: 0}
    - target: {fileID: 6959021235198999456, guid: 24930177a95ad5a40a1271609f2ee2c4, type: 3}
      propertyPath: m_LocalPosition.z
      value: 15
      objectReference: {fileID: 0}
    - target: {fileID: 6959021235198999456, guid: 24930177a95ad5a40a1271609f2ee2c4, type: 3}
      propertyPath: m_LocalRotation.w
      value: 1
      objectReference: {fileID: 0}
    - target: {fileID: 6959021235198999456, guid: 24930177a95ad5a40a1271609f2ee2c4, type: 3}
      propertyPath: m_LocalRotation.x
      value: 0
      objectReference: {fileID: 0}
    - target: {fileID: 6959021235198999456, guid: 24930177a95ad5a40a1271609f2ee2c4, type: 3}
      propertyPath: m_LocalRotation.y
      value: 0
      objectReference: {fileID: 0}
    - target: {fileID: 6959021235198999456, guid: 24930177a95ad5a40a1271609f2ee2c4, type: 3}
      propertyPath: m_LocalRotation.z
      value: 0
      objectReference: {fileID: 0}
    - target: {fileID: 6959021235198999456, guid: 24930177a95ad5a40a1271609f2ee2c4, type: 3}
      propertyPath: m_LocalEulerAnglesHint.x
      value: 0
      objectReference: {fileID: 0}
    - target: {fileID: 6959021235198999456, guid: 24930177a95ad5a40a1271609f2ee2c4, type: 3}
      propertyPath: m_LocalEulerAnglesHint.y
      value: 0
      objectReference: {fileID: 0}
    - target: {fileID: 6959021235198999456, guid: 24930177a95ad5a40a1271609f2ee2c4, type: 3}
      propertyPath: m_LocalEulerAnglesHint.z
      value: 0
      objectReference: {fileID: 0}
    - target: {fileID: 6959021235198999468, guid: 24930177a95ad5a40a1271609f2ee2c4, type: 3}
      propertyPath: m_Name
      value: PlaneGround
      objectReference: {fileID: 0}
    m_RemovedComponents: []
  m_SourcePrefab: {fileID: 100100000, guid: 24930177a95ad5a40a1271609f2ee2c4, type: 3}
--- !u!4 &227485197242469113 stripped
Transform:
  m_CorrespondingSourceObject: {fileID: 6959021235198999456, guid: 24930177a95ad5a40a1271609f2ee2c4, type: 3}
  m_PrefabInstance: {fileID: 7186434823381299545}
  m_PrefabAsset: {fileID: 0}
--- !u!1001 &7634192366658414111
PrefabInstance:
  m_ObjectHideFlags: 0
  serializedVersion: 2
  m_Modification:
    m_TransformParent: {fileID: 6594140851844177167}
    m_Modifications:
    - target: {fileID: 2806417686556103421, guid: 15902c525717d7242b5f1aa1a0ce39ff, type: 3}
      propertyPath: m_RootOrder
      value: 2
      objectReference: {fileID: 0}
    - target: {fileID: 2806417686556103421, guid: 15902c525717d7242b5f1aa1a0ce39ff, type: 3}
      propertyPath: m_LocalPosition.x
      value: 4
      objectReference: {fileID: 0}
    - target: {fileID: 2806417686556103421, guid: 15902c525717d7242b5f1aa1a0ce39ff, type: 3}
      propertyPath: m_LocalPosition.y
      value: 0
      objectReference: {fileID: 0}
    - target: {fileID: 2806417686556103421, guid: 15902c525717d7242b5f1aa1a0ce39ff, type: 3}
      propertyPath: m_LocalPosition.z
      value: 8
      objectReference: {fileID: 0}
    - target: {fileID: 2806417686556103421, guid: 15902c525717d7242b5f1aa1a0ce39ff, type: 3}
      propertyPath: m_LocalRotation.w
      value: 1
      objectReference: {fileID: 0}
    - target: {fileID: 2806417686556103421, guid: 15902c525717d7242b5f1aa1a0ce39ff, type: 3}
      propertyPath: m_LocalRotation.x
      value: -0
      objectReference: {fileID: 0}
    - target: {fileID: 2806417686556103421, guid: 15902c525717d7242b5f1aa1a0ce39ff, type: 3}
      propertyPath: m_LocalRotation.y
      value: -0
      objectReference: {fileID: 0}
    - target: {fileID: 2806417686556103421, guid: 15902c525717d7242b5f1aa1a0ce39ff, type: 3}
      propertyPath: m_LocalRotation.z
      value: -0
      objectReference: {fileID: 0}
    - target: {fileID: 2806417686556103421, guid: 15902c525717d7242b5f1aa1a0ce39ff, type: 3}
      propertyPath: m_LocalEulerAnglesHint.x
      value: 0
      objectReference: {fileID: 0}
    - target: {fileID: 2806417686556103421, guid: 15902c525717d7242b5f1aa1a0ce39ff, type: 3}
      propertyPath: m_LocalEulerAnglesHint.y
      value: 0
      objectReference: {fileID: 0}
    - target: {fileID: 2806417686556103421, guid: 15902c525717d7242b5f1aa1a0ce39ff, type: 3}
      propertyPath: m_LocalEulerAnglesHint.z
      value: 0
      objectReference: {fileID: 0}
    - target: {fileID: 2806417686556103423, guid: 15902c525717d7242b5f1aa1a0ce39ff, type: 3}
      propertyPath: m_Name
      value: BaseRock
      objectReference: {fileID: 0}
    m_RemovedComponents: []
  m_SourcePrefab: {fileID: 100100000, guid: 15902c525717d7242b5f1aa1a0ce39ff, type: 3}
--- !u!4 &5692690146040788194 stripped
Transform:
  m_CorrespondingSourceObject: {fileID: 2806417686556103421, guid: 15902c525717d7242b5f1aa1a0ce39ff, type: 3}
  m_PrefabInstance: {fileID: 7634192366658414111}
  m_PrefabAsset: {fileID: 0}
--- !u!1001 &7841912251057391577
PrefabInstance:
  m_ObjectHideFlags: 0
  serializedVersion: 2
  m_Modification:
    m_TransformParent: {fileID: 6594140850621859643}
    m_Modifications:
    - target: {fileID: 1694101571, guid: 2f836f674b96fe544bcd704e56db97d7, type: 3}
      propertyPath: m_fontAsset
      value: 
      objectReference: {fileID: 11400000, guid: df6a989a0db93e54c81dcc305dbf17d1, type: 2}
    - target: {fileID: 1694101571, guid: 2f836f674b96fe544bcd704e56db97d7, type: 3}
      propertyPath: m_hasFontAssetChanged
      value: 1
      objectReference: {fileID: 0}
    - target: {fileID: 1643649584517060714, guid: 2f836f674b96fe544bcd704e56db97d7, type: 3}
      propertyPath: IsAutomationIncome
      value: 0
      objectReference: {fileID: 0}
    - target: {fileID: 5049305924732094288, guid: 2f836f674b96fe544bcd704e56db97d7, type: 3}
      propertyPath: m_RootOrder
      value: 0
      objectReference: {fileID: 0}
    - target: {fileID: 5049305924732094288, guid: 2f836f674b96fe544bcd704e56db97d7, type: 3}
      propertyPath: m_LocalPosition.x
      value: 7
      objectReference: {fileID: 0}
    - target: {fileID: 5049305924732094288, guid: 2f836f674b96fe544bcd704e56db97d7, type: 3}
      propertyPath: m_LocalPosition.y
      value: 0
      objectReference: {fileID: 0}
    - target: {fileID: 5049305924732094288, guid: 2f836f674b96fe544bcd704e56db97d7, type: 3}
      propertyPath: m_LocalPosition.z
      value: 8
      objectReference: {fileID: 0}
    - target: {fileID: 5049305924732094288, guid: 2f836f674b96fe544bcd704e56db97d7, type: 3}
      propertyPath: m_LocalRotation.w
      value: 1
      objectReference: {fileID: 0}
    - target: {fileID: 5049305924732094288, guid: 2f836f674b96fe544bcd704e56db97d7, type: 3}
      propertyPath: m_LocalRotation.x
      value: 0
      objectReference: {fileID: 0}
    - target: {fileID: 5049305924732094288, guid: 2f836f674b96fe544bcd704e56db97d7, type: 3}
      propertyPath: m_LocalRotation.y
      value: 0
      objectReference: {fileID: 0}
    - target: {fileID: 5049305924732094288, guid: 2f836f674b96fe544bcd704e56db97d7, type: 3}
      propertyPath: m_LocalRotation.z
      value: 0
      objectReference: {fileID: 0}
    - target: {fileID: 5049305924732094288, guid: 2f836f674b96fe544bcd704e56db97d7, type: 3}
      propertyPath: m_LocalEulerAnglesHint.x
      value: 0
      objectReference: {fileID: 0}
    - target: {fileID: 5049305924732094288, guid: 2f836f674b96fe544bcd704e56db97d7, type: 3}
      propertyPath: m_LocalEulerAnglesHint.y
      value: 0
      objectReference: {fileID: 0}
    - target: {fileID: 5049305924732094288, guid: 2f836f674b96fe544bcd704e56db97d7, type: 3}
      propertyPath: m_LocalEulerAnglesHint.z
      value: 0
      objectReference: {fileID: 0}
    - target: {fileID: 5573605108716854762, guid: 2f836f674b96fe544bcd704e56db97d7, type: 3}
      propertyPath: m_Name
      value: MineSideRight
      objectReference: {fileID: 0}
    m_RemovedComponents: []
  m_SourcePrefab: {fileID: 100100000, guid: 2f836f674b96fe544bcd704e56db97d7, type: 3}
--- !u!4 &3082341590897901705 stripped
Transform:
  m_CorrespondingSourceObject: {fileID: 5049305924732094288, guid: 2f836f674b96fe544bcd704e56db97d7, type: 3}
  m_PrefabInstance: {fileID: 7841912251057391577}
  m_PrefabAsset: {fileID: 0}
--- !u!1001 &7898360207609855843
PrefabInstance:
  m_ObjectHideFlags: 0
  serializedVersion: 2
  m_Modification:
    m_TransformParent: {fileID: 6594140851743688614}
    m_Modifications:
    - target: {fileID: 3635429259414189493, guid: acf41671c9228e14d93856c401a53039, type: 3}
      propertyPath: m_Name
      value: BarrelType1
      objectReference: {fileID: 0}
    - target: {fileID: 4123171949801238287, guid: acf41671c9228e14d93856c401a53039, type: 3}
      propertyPath: m_RootOrder
      value: 15
      objectReference: {fileID: 0}
    - target: {fileID: 4123171949801238287, guid: acf41671c9228e14d93856c401a53039, type: 3}
      propertyPath: m_LocalPosition.x
      value: 5.315034
      objectReference: {fileID: 0}
    - target: {fileID: 4123171949801238287, guid: acf41671c9228e14d93856c401a53039, type: 3}
      propertyPath: m_LocalPosition.y
      value: 0
      objectReference: {fileID: 0}
    - target: {fileID: 4123171949801238287, guid: acf41671c9228e14d93856c401a53039, type: 3}
      propertyPath: m_LocalPosition.z
      value: 6.0753965
      objectReference: {fileID: 0}
    - target: {fileID: 4123171949801238287, guid: acf41671c9228e14d93856c401a53039, type: 3}
      propertyPath: m_LocalRotation.w
      value: 1
      objectReference: {fileID: 0}
    - target: {fileID: 4123171949801238287, guid: acf41671c9228e14d93856c401a53039, type: 3}
      propertyPath: m_LocalRotation.x
      value: -0
      objectReference: {fileID: 0}
    - target: {fileID: 4123171949801238287, guid: acf41671c9228e14d93856c401a53039, type: 3}
      propertyPath: m_LocalRotation.y
      value: -0
      objectReference: {fileID: 0}
    - target: {fileID: 4123171949801238287, guid: acf41671c9228e14d93856c401a53039, type: 3}
      propertyPath: m_LocalRotation.z
      value: -0
      objectReference: {fileID: 0}
    - target: {fileID: 4123171949801238287, guid: acf41671c9228e14d93856c401a53039, type: 3}
      propertyPath: m_LocalEulerAnglesHint.x
      value: 0
      objectReference: {fileID: 0}
    - target: {fileID: 4123171949801238287, guid: acf41671c9228e14d93856c401a53039, type: 3}
      propertyPath: m_LocalEulerAnglesHint.y
      value: 0
      objectReference: {fileID: 0}
    - target: {fileID: 4123171949801238287, guid: acf41671c9228e14d93856c401a53039, type: 3}
      propertyPath: m_LocalEulerAnglesHint.z
      value: 0
      objectReference: {fileID: 0}
    m_RemovedComponents: []
  m_SourcePrefab: {fileID: 100100000, guid: acf41671c9228e14d93856c401a53039, type: 3}
--- !u!4 &6099263437729927276 stripped
Transform:
  m_CorrespondingSourceObject: {fileID: 4123171949801238287, guid: acf41671c9228e14d93856c401a53039, type: 3}
  m_PrefabInstance: {fileID: 7898360207609855843}
  m_PrefabAsset: {fileID: 0}
--- !u!1001 &9215229140388961338
PrefabInstance:
  m_ObjectHideFlags: 0
  serializedVersion: 2
  m_Modification:
    m_TransformParent: {fileID: 6594140851743688614}
    m_Modifications:
    - target: {fileID: 6080657348088445442, guid: 0f85a9b95efe0c940b1a7ed2fafe4c70, type: 3}
      propertyPath: m_RootOrder
      value: 14
      objectReference: {fileID: 0}
    - target: {fileID: 6080657348088445442, guid: 0f85a9b95efe0c940b1a7ed2fafe4c70, type: 3}
      propertyPath: m_LocalPosition.x
      value: 3
      objectReference: {fileID: 0}
    - target: {fileID: 6080657348088445442, guid: 0f85a9b95efe0c940b1a7ed2fafe4c70, type: 3}
      propertyPath: m_LocalPosition.y
      value: 0
      objectReference: {fileID: 0}
    - target: {fileID: 6080657348088445442, guid: 0f85a9b95efe0c940b1a7ed2fafe4c70, type: 3}
      propertyPath: m_LocalPosition.z
      value: 11
      objectReference: {fileID: 0}
    - target: {fileID: 6080657348088445442, guid: 0f85a9b95efe0c940b1a7ed2fafe4c70, type: 3}
      propertyPath: m_LocalRotation.w
      value: 1
      objectReference: {fileID: 0}
    - target: {fileID: 6080657348088445442, guid: 0f85a9b95efe0c940b1a7ed2fafe4c70, type: 3}
      propertyPath: m_LocalRotation.x
      value: -0
      objectReference: {fileID: 0}
    - target: {fileID: 6080657348088445442, guid: 0f85a9b95efe0c940b1a7ed2fafe4c70, type: 3}
      propertyPath: m_LocalRotation.y
      value: -0
      objectReference: {fileID: 0}
    - target: {fileID: 6080657348088445442, guid: 0f85a9b95efe0c940b1a7ed2fafe4c70, type: 3}
      propertyPath: m_LocalRotation.z
      value: -0
      objectReference: {fileID: 0}
    - target: {fileID: 6080657348088445442, guid: 0f85a9b95efe0c940b1a7ed2fafe4c70, type: 3}
      propertyPath: m_LocalEulerAnglesHint.x
      value: 0
      objectReference: {fileID: 0}
    - target: {fileID: 6080657348088445442, guid: 0f85a9b95efe0c940b1a7ed2fafe4c70, type: 3}
      propertyPath: m_LocalEulerAnglesHint.y
      value: 0
      objectReference: {fileID: 0}
    - target: {fileID: 6080657348088445442, guid: 0f85a9b95efe0c940b1a7ed2fafe4c70, type: 3}
      propertyPath: m_LocalEulerAnglesHint.z
      value: 0
      objectReference: {fileID: 0}
    - target: {fileID: 6080657348088445452, guid: 0f85a9b95efe0c940b1a7ed2fafe4c70, type: 3}
      propertyPath: m_Name
      value: Goblin (5)
      objectReference: {fileID: 0}
    m_RemovedComponents: []
  m_SourcePrefab: {fileID: 100100000, guid: 0f85a9b95efe0c940b1a7ed2fafe4c70, type: 3}
--- !u!4 &3135006374842885688 stripped
Transform:
  m_CorrespondingSourceObject: {fileID: 6080657348088445442, guid: 0f85a9b95efe0c940b1a7ed2fafe4c70, type: 3}
  m_PrefabInstance: {fileID: 9215229140388961338}
  m_PrefabAsset: {fileID: 0}
